3038 4736
747 295 796 370 46

313 499 344 578 α)
364 494 508 579 quidam:
531 496 565 561 P.
587 495 752 562 Comedus
772 497 880 575 Asina,
902 496 936 561 C.
960 495 1106 578 Papirius
1128 490 1226 560 Maso.

312 607 349 693 d)
369 607 404 674 id
423 606 552 673 dubium
573 627 641 673 esse
661 608 798 691 legatine
819 606 928 672 violati
950 607 1030 686 sint,
1058 627 1100 671 an
1123 607 1158 671 in
1177 606 1323 671 triumvi-

226 741 280 788 ros
300 741 330 785 a.
352 741 382 785 a.
404 740 433 785 a.
455 721 591 803 impetus
612 722 655 786 sit
675 720 787 786 factus.
832 720 939 786 Livius
961 721 1124 798 hocloco,
1146 725 1183 785 nt
1204 720 1255 784 27.
1277 719 1320 783 21

228 839 260 900 et
280 831 338 925 3οχ
358 831 396 895 19
419 832 604 898 relationem
627 853 648 899 a
668 838 701 898 et
721 833 743 898 d
764 834 915 916 sequitur,
939 854 1021 916 quae
1042 832 1115 898 illos
1130 833 1213 898 viros
1234 832 1324 915 lega-

228 946 279 1006 tos
300 946 332 1007 et
352 961 417 1005 non
437 942 618 1008 triumuiros
639 950 733 1010 vocat
753 951 785 1010 et
806 945 989 1028 posterioris
1010 944 1173 1009 annalium
1188 944 1323 1026 scripto-

245 1052 273 1116 is
294 1056 358 1130 est3
391 1073 465 1116 nam
492 1053 713 1135 antiquissima
740 1054 883 1120 Fabiana
910 1055 1043 1119 traditio
1068 1053 1135 1117 Pol.
1158 1053 1187 1115 3.
1209 1053 1252 1115 40
1274 1052 1324 1116 di-

230 1163 274 1228 cit
301 1166 410 1247 „apale
436 1156 556 1247 ἄνδρας
581 1161 659 1243 τοὺς
686 1162 744 1230 ἐπὶ
771 1163 831 1253 τὴν
857 1161 1016 1251 διαίρεσιν
1035 1168 1093 1253 τῆς
1113 1159 1220 1251 χώρας
1240 1157 1325 1228 ἄναε-

231 1272 462 1355 σταλμένους.“

316 1385 350 1465 4)
380 1407 399 1451 e
430 1385 474 1450 28
499 1387 622 1453 variata
647 1389 797 1454 memoria
818 1388 1059 1472 elephantorum
1080 1407 1174 1469 super
1195 1363 1325 1449 Rhoda-

231 1518 306 1561 num
328 1496 573 1562 traiciendorum
587 1497 629 1562 ad
643 1498 821 1563 Romanum
836 1503 868 1564 et
882 1497 1175 1580 Carthaginiensem
1189 1495 1325 1577 scripto·

231 1628 298 1672 rem
316 1607 453 1690 pertinet
467 1608 508 1672 ad
524 1608 662 1673 Silenum
679 1607 861 1673 Caelianum
878 1613 910 1673 et
924 1608 1084 1673 Valerium
1100 1608 1260 1671 Antiatem
1267 1606 1281 1689 (
1283 1606 1324 1690 Ρ).

317 1737 344 1780 c.
366 1716 407 1780 38
439 1716 568 1799 quidam
601 1723 746 1783 auctores
778 1717 991 1782 Hannibalem
1023 1717 1134 1798 quinto
1164 1736 1270 1781 mense
1303 1735 1324 1780 a

232 1828 423 1914 Carthagine
443 1828 532 1894 Nova
554 1830 587 1894 in
608 1829 733 1895 Italiam
756 1830 944 1913 pervenisse,
965 1828 1023 1893 XV
1046 1829 1098 1895 die
1116 1829 1250 1913 Alpibus
1272 1849 1326 1894 su-

113 1962 117 1971 ’
231 1939 365 2022 peratis,
401 1938 455 2003 ubi
485 1938 625 2011 Caelium
654 1961 720 2005 non
749 1940 913 2024 Polybium
943 1945 1044 2006 vocnt.
1095 1939 1220 2005 Caelius
1241 1940 1324 2004 enim

232 2049 271 2115 fr.
297 2050 336 2113 15
358 2055 390 2114 et
413 2049 452 2112 13
474 2049 712 2133 diligentissime
730 2050 851 2115 itineris
874 2052 1026 2133 spatium,
1058 2050 1143 2132 quod
1164 2048 1325 2115 Hannibal

232 2182 253 2237 a
275 2161 466 2243 Carthagine
487 2160 516 2225 N
518 2182 578 2227 ova
597 2182 696 2244 usque
718 2161 759 2226 ad
782 2161 861 2226 Padi
889 2178 1018 2244 campos
1039 2160 1182 2238 transiit,
1217 2165 1249 2224 et
1270 2158 1326 2223 Al·

232 2272 319 2356 pium
347 2271 575 2355 longitudinem
603 2273 767 2352 (1000000
787 2278 834 2357 p.)
863 2292 903 2338 ex
934 2271 1044 2337 eodem
1077 2272 1230 2355 scriptore
1263 2289 1326 2353 quo

232 2381 384 2466 Polybius
402 2382 508 2450 Sileno
529 2384 670 2449 tradidit.

461 2511 571 2567 Caelius
590 2511 609 2565 f.
629 2513 663 2565 15
908 2511 968 2565 Pol.
986 2513 1009 2564 3.
1030 2512 1073 2565 89.
1094 2514 1124 2564 ll

96 2640 100 2645 ·
235 2606 363 2672 (laelius
381 2607 454 2672 hist.
477 2607 493 2672 Ι
515 2607 704 2673 duodeciens
746 2599 823 2670 ὥστ’
838 2597 922 2671 εἶναι
942 2602 1020 2682 rode
1042 2600 1171 2682 πάντας
1193 2601 1230 2670 ἐκ
1244 2608 1328 2670 Και-

235 2719 272 2784 C.
293 2719 381 2785 milis
401 2740 551 2803 passuum
573 2720 675 2803 longe.
745 2721 802 2805 νῆς
811 2713 940 2796 πόλεως
952 2714 1106 2796 σταδίους
1118 2714 1196 2804 περὶ
1207 2715 1329 2795 hasar-

746 2825 879 2912 χιλίους,
902 2819 958 2906 οὓς
973 2825 1040 2894 ἔδει
1055 2828 1201 2894 διελθεῖν
1215 2822 1338 2893 adada»

320 2942 357 3019 6)
383 2963 410 3008 α
433 2941 475 3006 38
497 2947 635 3024 quantae
656 2943 765 3025 copiae
785 2947 983 3025 transgresso
1003 2941 1038 3006 in
1058 2940 1185 3006 Italiam
1206 2939 1329 3006 Hanni·

234 3052 301 3118 hali
322 3053 451 3132 fuerint,
469 3074 673 3136 nequaquam
692 3055 776 3119 inter
796 3059 942 3119 auctores
963 3058 1093 3118 constat
1378 3060 1389 3069 “

320 3173 355 3244 a)
378 3164 432 3246 qui
453 3145 639 3247 plurimum:
664 3165 790 3229 100000
811 3187 841 3248 p.
866 3165 973 3229 20000
994 3185 1043 3247 eq.

318 3271 355 3353 b)
376 3273 431 3355 qui
452 3273 616 3338 minimum
637 3274 745 3338 20000
765 3296 796 3357 p.
819 3274 904 3338 6000
925 3294 974 3356 eq.
999 3274 1053 3356 (ef.
1075 3274 1142 3339 Pol.
1165 3274 1195 3337 3.
1218 3274 1285 3359 60.)

320 3390 353 3464 o)
375 3384 410 3449 L.
434 3385 561 3451 Cincius
582 3385 776 3450 Alimentus:
798 3384 905 3449 80000
926 3408 956 3469 p.
984 3387 1087 3450 10000
1109 3405 1157 3467 eq.

322 3494 356 3574 l)
381 3495 475 3579 vulgo
503 3495 642 3573 cralitur
678 3492 891 3559 Hannibalem
927 3496 1065 3561 Poenino
1100 3500 1331 3579 transgressum

236 3625 315 3685 esse,
337 3605 480 3672 (laelium
501 3627 559 3691 per
580 3606 741 3671 Cremonis
763 3606 871 3688 iugum
891 3607 1055 3672 transiisse
1077 3608 1190 3673 dicere.

269 3722 270 3725 ’
323 3716 358 3800 8)
380 3737 408 3782 c.
428 3717 473 3780 46
493 3717 708 3782 narrationem
730 3716 763 3779 P.
787 3715 967 3780 Cornelium
988 3716 1166 3799 Scipionem
1187 3718 1230 3782 ad
1250 3716 1332 3781 llei-

237 3849 314 3893 num
342 3848 367 3893 a
391 3826 457 3892 filio
485 3828 675 3910 pubescente
704 3830 862 3890 servatum
883 3847 952 3892 esse
975 3827 1144 3893 Caelianae
1165 3827 1330 3893 traditioni

237 3939 397 4025 praefert,
429 3939 484 4021 qui
505 3939 621 4005 servati
641 3928 897 4004 conemu'deous
918 3938 961 4004 ad
983 3961 1106 4007 serrum
1127 3941 1258 4008 natione
1278 3940 1331 4004 Li-

238 4074 349 4138 gurem
369 4051 504 4136 delegat.
