3038 4736
764 323 815 399 54

225 525 423 595 ¹insanimus.
466 526 590 593 Caelius
618 525 652 591 in
680 527 774 593 rebus
803 525 925 593 bellicis
953 524 1139 592 enarrandis
1169 523 1337 608 Carthagi-

239 640 380 706 niensem
402 645 434 706 ot
455 639 630 704 Romanam
651 639 854 705 traditionem
876 639 1117 718 contaminavit,
1143 637 1250 704 Livius
1271 637 1337 703 eius

240 752 390 818 historias
410 752 562 836 sequitur.

329 867 361 945 1)
384 864 659 949 Carthaginienses
680 863 893 931 narrationes:

326 984 361 1060 a)
382 979 416 1044 in
439 979 644 1045 describendo
670 979 759 1045 urbis
781 978 844 1045 situ
864 978 970 1043 Livius
992 997 1064 1042 cum
1084 975 1216 1061 Polybio
1236 974 1340 1040 Zona-

241 1110 340 1174 raque
362 1090 527 1156 consentit.

369 1201 436 1267 Liv.
458 1201 510 1266 21.
535 1200 553 1264 7
619 1200 660 1266 cf.
681 1200 748 1266 Pol.
771 1201 801 1265 3.
828 1200 877 1266 17.
899 1199 920 1264 2
942 1197 983 1265 cf.
1005 1199 1079 1265 Zon
1103 1196 1132 1262 8.
1157 1197 1198 1262 21
1221 1219 1252 1281 p.
1278 1196 1339 1261 176

390 1334 407 1378 e
428 1312 535 1379 Caelio
736 1313 881 1379 eSilano
1108 1333 1126 1377 e
1148 1310 1278 1377 Caelio?

326 1425 363 1510 b)
384 1426 419 1491 in
441 1423 660 1491 distribuenda
681 1424 801 1509 praeda
822 1429 916 1508 capta
937 1430 1069 1507 uterque
1084 1423 1223 1489 Silenum
1238 1421 1341 1505 sequi-

242 1541 296 1601 tur
316 1535 383 1602 Liv.
406 1536 457 1600 21.
484 1535 522 1599 15
544 1535 584 1600 of.
608 1535 675 1600 Pol.
697 1536 726 1599 3.
752 1536 801 1600 17.
826 1536 875 1600 10.
925 1535 1047 1601 Caelius
1067 1534 1214 1617 idemque
1233 1533 1341 1600 Livius

242 1645 317 1712 huic
340 1646 595 1732 Carthaginiensi
616 1647 764 1713 relationi
785 1647 961 1713 Romanam
983 1647 1147 1712 coniunxit
1168 1646 1341 1729 „primores

243 1764 409 1842 argentum
438 1766 612 1842 aurumque
642 1780 734 1824 omne
763 1780 781 1824 e
808 1758 935 1842 publico
963 1758 1149 1842 privatoque
1173 1757 1208 1824 in
1236 1756 1340 1822 forum

243 1868 394 1935 collatum
416 1870 450 1934 in
471 1871 576 1954 ignem
598 1870 789 1936 conicientes
810 1868 920 1934 eodem
946 1869 1115 1952 plerosque
1138 1868 1341 1952 semetipsos

242 1981 502 2065 praecipitasse,“
530 2001 611 2064 quae
633 1988 668 2047 ut
688 1981 825 2045 vidimus
845 1978 900 2063 (ci.
924 2001 954 2063 p.
978 1978 1033 2060 24)
1057 1978 1174 2045 Fabius
1196 1978 1339 2078 tradidit.

327 2093 495 2160 Praeterea
510 2093 616 2159 Livius
637 2094 740 2158 multa
760 2094 794 2157 in
816 2091 904 2157 urbis
926 2089 1160 2174 oppugnatione
1181 2089 1341 2155 narranda

243 2202 345 2268 multo
366 2203 548 2287 diligentius
569 2225 666 2288 quam
687 2202 835 2288 Polybius
856 2203 974 2282 tradit,
1008 2223 1091 2286 quae
1111 2207 1196 2269 certe
1217 2201 1342 2268 Caelius

244 2315 389 2382 eSilcno
411 2316 664 2402 Carthaginiensi
686 2316 774 2382 fonte
797 2314 911 2380 hausit.

768 2503 821 2571 VI.

330 2661 356 2707 c.
383 2642 422 2705 15
451 2642 557 2707 Livius
586 2661 620 2706 se
641 2641 744 2724 ipsum
765 2647 823 2706 aut
843 2640 946 2706 fontes
969 2661 1043 2706 suos
1064 2641 1195 2724 corrigit
1214 2646 1247 2707 at
1267 2662 1346 2706 nar·

243 2754 416 2832 rationem,
446 2774 542 2837 quam
564 2753 686 2818 duobus
710 2753 954 2837 ascriptoribus
976 2755 1219 2833 contaminarit,
1252 2754 1344 2819 chro-

243 2863 396 2948 nologicis
426 2864 585 2930 erroribus
613 2863 748 2929 liberare
775 2862 890 2929 studet.
947 2863 1057 2929 Plures
1087 2866 1286 2931 narrationes
1314 2865 1344 2930 ei

243 2976 423 3060 propositas
452 2997 520 3042 esse
548 2976 653 3042 verbis
681 2976 830 3060 „quidam
857 2975 1030 3058 scripsere“
1058 2976 1177 3057 elucet,
1210 2982 1343 3058 „octavo

244 3095 372 3155 monse“
393 3095 453 3155 etc.
535 3154 537 3158 .

328 3202 430 3280 Quam
451 3201 551 3267 Caelii
571 3201 787 3267 narrationem
808 3201 914 3266 Livius
935 3202 970 3265 in
990 3202 1109 3267 Valerii
1126 3203 1264 3269 Antiatis
1285 3225 1345 3269 an-

244 3311 333 3378 nales
354 3312 595 3377 fundamentum
617 3309 769 3377 librorum
791 3330 820 3374 a.
840 3332 870 3373 u.
895 3330 923 3374 c.
945 3316 1019 3394 apte
1040 3313 1178 3378 inserere
1200 3334 1265 3378 non
1286 3334 1344 3396 po·

243 3425 322 3504 tuit,
360 3445 431 3489 cum
454 3423 598 3489 Valerius
619 3423 731 3488 Antias
753 3423 929 3505 oppugnari
957 3429 1101 3508 coeptum
1130 3447 1200 3492 esse
1221 3426 1344 3511 Sagun-

243 3540 311 3600 tum
333 3555 363 3599 a.
385 3532 447 3598 218
470 3532 661 3598 tradidisset.
710 3531 817 3596 Livius
845 3531 878 3595 id
906 3530 975 3598 fieri
995 3554 1061 3599 non
1088 3537 1231 3618 potuisse
1254 3537 1343 3616 vidit,

244 3668 309 3713 non
337 3652 445 3712 tamen
475 3646 556 3712 alias
577 3645 668 3710 illum
691 3643 808 3708 nodum
829 3644 975 3727 expedire
996 3648 1101 3730 potuit
1122 3670 1218 3732 quam
1239 3651 1344 3716 verbis

244 3763 322 3836 „aut
350 3758 456 3823 omnia
485 3756 630 3821 breviora
656 3754 822 3836 aliquanto
842 3753 930 3820 fuere
951 3762 1007 3823 aut
1029 3758 1204 3843 Saguntum
1226 3761 1343 3845 princi·

245 3868 298 3951 pio
321 3889 350 3933 a.
366 3867 428 3932 218
451 3886 515 3931 non
538 3870 682 3948 coeptum
706 3866 882 3948 oppugnari
903 3871 951 3931 est
971 3868 1026 3932 sed
1048 3875 1206 3953 captum,“
1228 3873 1342 3956 quibus

246 3998 377 4060 paruam
399 3971 433 4041 in
455 3975 620 4040 historiam
640 3975 861 4057 inquirendam
882 3977 1076 4062 diligentiam
1099 3981 1244 4047 ostendit.
