3038 4736
683 306 732 380 25

622 521 681 577 Pol.
699 526 725 579 3.
744 523 786 576 33.

157 613 176 684 ό
206 618 243 685 δὲ
271 613 499 706 πρεσβύτατος
529 610 636 683 adven
668 613 776 703 δείξας
801 620 873 697 τοῖς
899 615 934 684 ἐν
954 623 1002 706 τῷ
1024 614 1179 706 συνεδρίῳ
1199 617 1257 685 τὸν

156 728 299 813 κόλπον,
337 730 483 798 ἐνταῦθα
508 730 564 797 καὶ
590 728 648 796 τὸν
669 726 816 814 πόλεμον
837 724 951 810 αὐτοῖς
970 727 1033 821 ἔφη
1054 729 1111 798 καί
1131 729 1190 820 τὴν
1211 729 1257 800 εί-

157 839 253 932 ρήνην
273 841 393 931 φέρειν·
415 837 561 926 ἐκβαλὼν
583 831 640 908 σόν
661 836 821 928 ὁπότερον
842 833 881 906 dv
902 837 1098 909 κελεύσωσιν
1120 837 1256 910 υίπολεί-

158 978 244 1023 πειν.
266 993 309 1004 -
344 951 362 1020 ό
385 953 422 1020 δὲ
441 950 597 1039 βασιλεὺς
617 958 682 1018 τῶν
703 958 806 1041 Καρχ.
828 949 990 1041 ὁπότερον
1011 948 1125 1033 αὐτοῖς
1145 950 1256 1043 φαίνε·

157 1064 225 1148 ται,
244 1061 332 1133 τοῖσί
348 1066 497 1151 ἐκβαλεῖν
518 1065 674 1134 ἐκέλευσε.
693 1108 733 1118 -
765 1072 826 1133 τοῦ
849 1066 885 1133 δὲ
903 1062 1068 1150 Ῥωμαίου
1089 1062 1255 1156 φήσαντος

157 1178 215 1246 τὸν
235 1178 383 1264 πόλεμον
404 1178 570 1267 ἐκβαλεῖν,
609 1174 819 1268 ἀνεφώνησεν
848 1175 917 1263 ἅμα
943 1176 1000 1245 καί
1027 1175 1164 1258 πλείους
1189 1183 1255 1246 τῶν

33 1306 40 1331 ί
158 1290 195 1358 ἐκ
215 1296 275 1358 τοῦ
296 1287 472 1380 συνεδρίου,
496 1292 653 1374 δέχεσθαι
674 1287 864 1379 φάσκοντες.

161 1472 166 1476 ε
593 1422 665 1490 App.
684 1420 758 1474 Iber.
777 1421 820 1474 55.
1253 1476 1255 1481 ,

156 1515 177 1586 ό
198 1517 259 1602 μὲν
279 1515 483 1606 πρεσβευτὴς
505 1509 617 1595 αότοῖς
638 1511 859 1601 γελώμενος
880 1512 943 1605 ἔφη
964 1513 1023 1582 τὸν
1040 1513 1168 1583 κόλπον
1182 1512 1258 1584 ἒπε-

157 1627 285 1707 όεικνός
313 1625 469 1711 ,ἐνταῦθ’
493 1624 570 1711 ὑμῖν
577 1679 585 1709 ,
618 1618 771 1715 ὦΚαρχ.
794 1624 851 1692 καί
880 1624 942 1716 τήν
967 1622 1094 1716 εἰρήνην
1121 1624 1256 1693 καὶτὸν

157 1737 305 1825 πόλεμον
326 1740 429 1829 φέρω·
453 1736 546 1824 ὑμεῖς
567 1737 596 1806 δ’
610 1735 756 1826 ὁπότερα
777 1736 929 1828 αἱρεῖσθε
950 1736 1150 1825 λόβετε“.-
1172 1733 1258 1806 otd'

157 1850 285 1941 ἔφασαν
307 1850 369 1935 ,σὺ
391 1852 451 1938 μὲν
473 1844 530 1919 οὖν
551 1844 572 1918 ἃ
594 1851 706 1937 βούλει
722 1849 845 1920 δίδου“.
885 1850 1119 1941 προτείναντος
1141 1854 1177 1920 όε
1197 1851 1256 1920 τὸν

157 1960 304 2049 πόλεμον
328 1961 503 2055 ἐξεβόησαν
525 1963 610 2049 ὁμοῦ
631 1962 754 2044 πάντες
774 1961 994 2050 ,,δεχόμεθα“.
1030 1967 1032 1971 ’

462 2096 530 2150 Ζοη.
548 2097 573 2150 8.
593 2097 636 2149 22.
657 2097 701 2166 (of.
719 2097 773 2151 Dio
793 2098 821 2151 O.
840 2099 882 2152 65.
904 2099 944 2152 10.

156 2186 176 2255 ὁ
198 2185 338 2275 Μάρκος
359 2186 377 2256 ὁ
403 2186 530 2274 Φάβιος
557 2187 617 2270 τὰς
645 2195 753 2278 χεῖρας
774 2187 842 2257 ὑπὸ
863 2188 899 2258 τί
925 2187 1056 2276 ίμυίτιον
1077 2189 1257 2276 όποβαλών

159 2299 215 2367 καί
235 2297 403 2391 όπτιυίσας
424 2296 522 2383 αότός
543 2300 616 2391 ἔφη·
639 2300 776 2389 ἐγὼμὲν
792 2300 932 2386 ἐνταῦθ’,
954 2295 1107 2393 ὦΚαρχ.,
1130 2303 1187 2370 καί
1200 2301 1257 2371 τὸν

159 2410 307 2498 πόλεμον
333 2413 391 2480 καί
419 2412 477 2503 τὴν
503 2410 629 2504 εἰρήνην
654 2413 760 2503 φέρω,
793 2410 888 2498 ὑμεῖς
909 2415 945 2482 δὲ
965 2410 1128 2503 ὁπότερον
1149 2409 1257 2481 αὐτῶν

158 2524 333 2614 βούλεσθε,
350 2525 478 2595 ἕλεσθε*
494 2525 745 2613 ἀποκριθέντων
760 2527 796 2595 δὲ
809 2528 984 2618 μηδέτερον
998 2528 1059 2613 μὲν
1074 2524 1255 2617 αἱρεῖσθαι,

159 2640 317 2722 δέχεσθαι
345 2635 374 2705 d'
396 2635 535 2722 ἑτοίμως
562 2634 723 2726 ὁπότερον
749 2635 1025 2727 καταλείψουσιν,
1061 2635 1257 2728 ἐπήγγειλαν

158 2745 272 2830 αὐτοῖς
293 2744 411 2818 αότίκα
431 2748 488 2817 τὸν
509 2748 665 2834 πόλεμον.

615 2880 799 2936 niueum.

159 2987 228 3050 tum
250 2983 411 3048 Romanus
433 2981 503 3047 sinu
525 3000 543 3044 e
563 2984 639 3064 toga
660 2976 746 3043 facto
768 2977 858 3056 „hic‚
886 2978 1007 3061 inquit,
1029 2979 1117 3045 vobis
1137 2979 1257 3047 bellum
1293 2978 1296 2985 ’

159 3100 193 3160 ct
213 3112 322 3178 pacem
343 3098 523 3176 portamus3
545 3096 652 3157 utrum
673 3088 788 3175 placet,
812 3089 955 3155 sumite“.
977 3089 1035 3155 sub
1050 3089 1134 3156 hanc
1148 3110 1257 3157 vocem

160 3206 246 3272 haud
267 3205 371 3270 minus
394 3203 549 3282 ferociter,
571 3202 798 3280 damtunam
820 3199 925 3278 vellet,
947 3200 1176 3266 succlamatum
1197 3206 1256 3268 est
1314 3192 1316 3197 ’

160 3323 287 3383 etcum
314 3315 354 3381 iis
381 3315 495 3380 iterum
525 3314 596 3379 sinu
625 3310 723 3377 effuso
751 3309 870 3375 bellum
893 3309 969 3375 dare
992 3310 1137 3390 dixisset,
1174 3312 1258 3378 acci-

159 3448 235 3513 pere
263 3449 297 3493 se
325 3447 434 3495 omnes
462 3425 709 3511 responderunt,
741 3428 774 3489 et
794 3423 909 3506 quibus
931 3422 1112 3507 acciperent
1132 3424 1255 3503 animis,

158 3540 260 3607 isdem
280 3560 313 3607 se
334 3544 486 3623 gesturos.

246 3650 417 3732 Diodorus
440 3648 604 3733 Polybius,
626 3648 732 3714 Livius
753 3647 852 3713 Fabio
872 3646 1051 3731 proximam
1070 3647 1257 3715 relationem

159 3764 328 3832 tradidisse
349 3763 427 3829 mihi
447 3762 609 3840 videntur,
632 3782 704 3826 cum
725 3782 743 3826 ε
764 3759 863 3826 Fabio
884 3760 954 3844 ipso
975 3760 1148 3827 hauserint.

246 3877 420 3942 Diodorum
448 3881 555 3941 tamen
584 3896 650 3940 non
677 3896 695 3940 e
722 3874 854 3959 Polybio
881 3873 1018 3958 pendere
1039 3874 1062 3939 f.
1086 3874 1128 3938 22
1150 3875 1258 3941 Victo·

123 4028 125 4033 ·
159 3990 314 4056 melorum
336 3989 528 4073 expugnatio
550 3992 682 4053 narrata
703 3986 756 4069 (cf.
774 3988 841 4053 Lis.
858 3989 909 4052 21.
926 3985 983 4070 57)
1005 3986 1151 4067 ostendit,
1176 4007 1258 4072 quae

158 4121 180 4168 a
200 4100 332 4186 Polybio
354 4121 419 4165 non
442 4104 601 4166 narratur.
