3038 4736
709 342 757 414 53

268 540 408 606 Primum
440 549 526 608 errat
557 543 664 608 Liuius
693 544 719 609 si
747 565 775 608 a.
808 544 871 608 218
901 544 1077 628 Saguntum
1107 544 1283 628 oppugnari

184 657 330 734 coeptum
352 672 419 716 esse
441 659 566 733 narrat,
593 653 678 736 quod
700 654 764 718 iarn
786 676 813 718 a.
837 654 900 718 219
922 655 1042 720 factum
1066 659 1131 733 est3
1167 655 1283 738 legatio

183 762 286 846 prima
308 783 433 846 quoque
455 764 552 828 missa
573 769 620 829 est
642 765 757 845 220Ae·
811 763 909 830 Porro
932 765 1108 849 legatorum
1131 765 1283 831 mandata

183 876 225 942 ab
246 877 381 941 aliorum
402 877 572 942 traditione
595 877 793 962 discrepant3
830 883 994 962 praeterea
1014 878 1048 942 in
1069 882 1138 943 tota
1159 878 1216 943 illa
1238 878 1283 944 le·

183 990 309 1073 gatione
332 989 510 1054 enarranda
532 1010 661 1073 prorsus
685 1010 705 1053 a
727 989 833 1055 Sileno
854 989 976 1075 Polybii
998 990 1087 1055 fonte
1109 989 1283 1056 abhorrens

182 1101 360 1166 Romanum
382 1100 546 1166 annalium
568 1102 754 1185 scriptorem
776 1104 926 1185 sequitur.

268 1214 372 1291 Quare
400 1234 470 1278 meo
498 1214 625 1297 quidem
655 1215 771 1279 indicio
807 1216 840 1299 1)
870 1215 904 1279 in
935 1218 1005 1280 tota
1037 1214 1095 1279 illa
1126 1213 1282 1297 legatione

183 1326 361 1395 enarranda
388 1326 495 1391 Liuius
525 1327 689 1391 annalium
717 1328 903 1411 scriptorem
927 1364 963 1374 —
990 1348 1054 1391 non
1075 1333 1182 1401 tamen
1204 1325 1283 1392 Cae·

181 1439 259 1505 lium
288 1476 331 1488 -
360 1444 486 1504 secutus
516 1459 583 1503 esse
613 1439 720 1521 colligi
748 1445 870 1522 potest,
908 1444 940 1504 et
962 1440 998 1523 2)
1020 1438 1280 1504 emendatorum

181 1552 285 1617 forma
304 1550 410 1616 Liuius
440 1550 610 1616 secundam
640 1551 854 1616 Romanorum
881 1551 1071 1634 legationem
1100 1571 1128 1615 a.
1154 1549 1216 1613 218
1238 1550 1282 1614 ad

181 1662 392 1727 Hannibalem
421 1662 652 1746 exposcendum
682 1664 809 1728 missam
839 1664 903 1728 iarn
930 1665 991 1729 hcc
1020 1663 1090 1728 loco
1116 1684 1156 1727 ex
1182 1683 1282 1728 anua-

180 1774 258 1839 lium
280 1775 434 1858 scriptore
455 1796 602 1840 narrasse
623 1776 731 1859 itaque
749 1777 783 1840 in
806 1798 955 1860 magnum
970 1796 1108 1842 errorem
1123 1774 1279 1840 incidisse.

267 1885 381 1951 Omnia
402 1885 565 1951 Valerium
586 1886 745 1952 Antiatem
768 1887 934 1952 Liuianum
964 1887 1084 1953 iontem
1117 1886 1282 1953 ostendere

181 1997 259 2062 mihi
280 1997 440 2076 uidentur,
462 1998 668 2081 posteriorem
690 1998 853 2063 annalium
872 1999 1073 2082 scriptorem:

269 2108 299 2188 1)
323 2108 510 2190 cognomina
533 2114 706 2173 memorata
729 2109 762 2172 P.
787 2108 949 2174 Cornelius
971 2108 1093 2191 Scipio,
1122 2107 1168 2172 Ti.
1193 2106 1281 2173 Sem·

180 2222 310 2305 pronius
332 2221 476 2304 Longus,
498 2221 532 2284 P.
557 2221 702 2286 Valerius
723 2222 873 2301 Flaccus,
899 2221 935 2298 Q.
959 2220 1095 2286 Baebius
1116 2218 1279 2303 Tampilus

181 2354 261 2417 quae
285 2335 346 2399 nisi
366 2335 401 2399 in
423 2334 482 2399 Vll
503 2334 601 2399 seculi
624 2335 831 2419 scriptoribus
853 2355 917 2399 non
940 2337 1076 2398 exstant.

264 2447 299 2530 2)
321 2444 444 2510 Nomen
465 2445 520 2526 „R
542 2445 690 2509 Valerios
704 2445 858 2511 Flaccns“
880 2444 977 2528 legati
998 2443 1133 2508 Romani
1155 2441 1198 2508 ad
1213 2441 1279 2507 foe·

177 2561 259 2626 deris
280 2563 442 2643 ruptorem
465 2558 677 2625 Hannibalern
699 2557 938 2643 deposcendum.
993 2555 1277 2639 Duorum'legato·

175 2695 246 2738 rum
269 2671 388 2737 Valerii
408 2669 581 2755 Baebiique
601 2670 731 2735 nomina
752 2669 838 2752 apud
861 2667 1042 2735 Ciceronem
1064 2666 1085 2731 l.
1101 2688 1127 2734 c.
1151 2687 1277 2750 quoque

175 2785 386 2853 inueniuntur.

261 2894 443 2961 Ciceronem
472 2901 577 2960 autem
598 2892 718 2958 Valerii
738 2891 876 2956 Antiatis
903 2891 1036 2957 annales
1064 2910 1216 2974 cognosse
1244 2897 1276 2957 et

176 3007 287 3091 legisse
310 3007 387 3072 satis
410 3011 536 3072 constat
557 3006 596 3071 cf.
617 3005 656 3070 fr.
672 3004 713 3068 37
736 3005 850 3069 Ascon.
873 3005 907 3068 in
929 3001 992 3068 Cic.
1016 3001 1141 3067 Cornel.
1163 3022 1194 3085 p.
1211 3000 1275 3065 690

174 3124 228 3199 „et
247 3118 371 3184 uidetur
392 3119 426 3183 in
447 3119 509 3184 hac
532 3118 674 3184 oratione
696 3117 781 3182 hunc
810 3116 937 3200 quidem
964 3121 1127 3180 auctorem
1150 3113 1275 3200 (Antia-

173 3233 252 3315 tem)
277 3234 402 3294 secutus
425 3228 534 3294 Cicero
557 3228 672 3293 dixisse
693 3249 821 3313 passum
844 3248 911 3293 esse
932 3227 1110 3310 Scipionem
1131 3231 1212 3291 etc.“

259 3340 469 3419 Quamobrem
491 3346 523 3406 et
545 3338 725 3407 Ciceronem
747 3344 778 3403 et
799 3337 922 3423 Liuium
942 3338 982 3401 21
1007 3359 1034 3403 c.
1047 3337 1067 3400 6
1082 3343 1114 3401 et
1129 3358 1155 3401 c.
1167 3336 1270 3400 9-11

174 3475 192 3519 e
216 3454 331 3520 Valerii
353 3453 490 3518 Antiatis
519 3452 686 3519 annalibus
710 3451 854 3517 hausisse
876 3472 946 3517 eam
968 3451 1090 3535 primae
1111 3449 1273 3515 Romanae

174 3565 338 3651 legationis
361 3566 575 3633 narrationem
598 3564 751 3630 existimo.

640 3754 741 3821 IIIet
760 3754 799 3819 V.

257 3899 391 3983 Sagunti
418 3897 612 3982 oppugnatio
638 3918 666 3961 c.
688 3896 707 3960 7
712 3895 789 3974 -9‚
825 3914 852 3959 c.
877 3891 1012 3957 11-15.
1061 3891 1122 3957 Hic
1143 3911 1269 3976 quoque

170 4018 297 4098 praeter
316 4011 433 4075 multas
448 4032 465 4076 e
481 4008 792 4094 Carthaginiensibus
813 4005 1019 4089 scriptoribus
1040 3993 1173 4070 haustas
1195 4025 1268 4069 nar-

169 4124 310 4192 rationes
330 4122 501 4201 nonnulla,
531 4142 611 4204 quae
632 4120 674 4185 ad
695 4118 858 4186 annalium
887 4116 1072 4200 scriptorem
1098 4116 1267 4197 pertinent,

1376 424 1393 457 'a
