3038 4736
696 300 817 422 11¹

169 546 283 611 scimus
305 545 439 631 Liparas
461 548 581 617 insulas
603 551 706 630 „inter
728 552 879 633 Africam,
906 553 1054 635 Siciliam,
1076 555 1266 639 Sardiniam,

168 655 315 723 Italiam“
335 657 415 724 fines
434 659 531 726 fuisse
551 661 675 746 imperii
697 660 1013 747 Carthaginiensium.

253 770 288 851 b)
310 772 376 844 niv,
400 772 450 836 21.
477 775 517 838 10
536 775 602 858 [qui
620 775 807 843 Hannonem
829 776 906 842 facit
929 777 1082 843 dicentem
1110 777 1186 859 „sed
1205 779 1266 847 Ta·

168 884 270 960 rento,
290 880 323 945 id
345 887 393 948 est
413 882 516 962 Italia,
538 903 603 949 non
624 885 877 952 abstinueramus
899 907 917 951 e
938 886 1093 966 foedere.“

254 996 287 1074 c)
307 993 383 1057 ch.
403 993 432 1057 8.
456 994 476 1057 9
499 995 545 1079 (p.
565 995 639 1070 134)
661 997 716 1078 qui
737 996 907 1061 transitum
927 996 1141 1065 Romanorum
1161 997 1196 1063 in
1216 997 1266 1064 Si-

168 1101 273 1166 ciliam
296 1101 449 1167 σπονδῶν
471 1099 619 1169 διάλοοιν
640 1104 798 1188 appellat3

256 1215 291 1296 d)
312 1216 389 1281 Zoni
412 1215 441 1280 8.
466 1216 485 1280 9
508 1217 554 1301 (p.
573 1215 647 1293 134)
670 1215 757 1300 apud
778 1236 872 1298 quem
893 1236 923 1280 a.
939 1215 1004 1283 264
1023 1216 1266 1302 Carthaginien-

169 1350 218 1396 ses
244 1334 380 1413 poscunt
405 1323 486 1416 „cp'a
507 1350 543 1393 τε
563 1323 742 1415 Μεσσήνην
765 1324 989 1419 ε’κλιπεῖνκαὶ
1010 1323 1047 1394 ἐκ
1068 1325 1179 1418 πάσης
1199 1325 1267 1396 οἷπ-

169 1438 281 1505 ελθεῖν
302 1433 452 1516 Σικελίας
473 1435 506 1503 ἕν
528 1432 632 1525 ἡμέρᾷ
653 1439 754 1524 ῥητῇα
777 1435 829 1514 (cf.
851 1436 884 1503 Z.
907 1435 939 1501 8.
962 1436 1006 1519 8).

253 1547 566 1633 Carthaginiensibus
581 1548 714 1631 Liparas
735 1548 855 1614 insulas
876 1546 956 1613 fines
977 1548 1103 1634 imperii
1123 1552 1266 1619 statuen-

168 1661 269 1739 tibus,
301 1659 436 1726 Romani
456 1660 490 1724 in
512 1660 642 1724 Pontias
662 1657 784 1725 insulas
805 1657 869 1723 iam
890 1679 919 1724 a.
944 1659 1008 1723 313
1030 1661 1190 1731 coloniam
1212 1662 1266 1729 de·

168 1774 326 1840 duxerunt
347 1771 399 1852 (cf.
422 1771 488 1835 Liv.
511 1770 541 1834 9.
564 1769 605 1834 28
632 1774 665 1835 et
691 1768 812 1834 Diodor
835 1768 884 1832 19.
910 1769 985 1851 101)
1016 1792 1148 1854 remque
1168 1792 1267 1838 nava·

168 1887 231 1953 lam
251 1884 467 1951 exornandam
489 1889 642 1951 curarunt
662 1883 744 1970 (Liv.
766 1883 796 1947 9.
819 1882 862 1948 30
884 1889 916 1949 et
936 1882 1004 1968 38).

252 1995 415 2062 Nissenius
442 1996 523 2062 illud
554 1996 665 2063 foedus
695 1988 844 2078 quartum
870 2001 956 2062 recta
977 2016 1047 2063 meo
1070 1996 1195 2079 quidem
1216 1996 1267 2064 iu·

168 2107 250 2174 dicio
270 2128 300 2172 a.
322 2107 385 2172 306
406 2113 591 2177 renovatum
615 2128 683 2174 esse
704 2108 880 2188 existimat,
919 2129 1112 2192 quamquam
1140 2109 1206 2176 Liv.
1229 2110 1260 2175 9.

166 2219 209 2283 43
230 2218 341 2285 foedus
361 2219 455 2287 tertio
477 2226 683 2286 renoavatum
703 2240 730 2285 a.
753 2220 816 2284 306
838 2220 946 2285 tradit.

251 2332 281 2396 8.
323 2332 400 2399 Pon.
423 2333 452 2396 3.
475 2332 526 2396 33.
552 2332 589 2396 17
608 2330 640 2396 ff.
662 2332 696 2396 in
718 2351 850 2397 numero
872 2330 1038 2411 exercitus,
1060 2350 1154 2414 quom
1175 2330 1266 2399 Han·

170 2444 259 2511 nibal
279 2466 319 2511 ex
340 2445 495 2528 Hispania
516 2445 550 2509 in
570 2443 698 2509 Italiam
720 2443 871 2523 duxerat,
891 2443 1024 2509 dicendo
1046 2444 1131 2511 illins
1152 2444 1265 2511 inscri-

168 2557 286 2641 ptionis
306 2557 341 2622 in
360 2555 479 2640 templo
500 2555 629 2621 Iunonis
649 2555 684 2620 in
704 2554 920 2639 promontorio
935 2554 1066 2621 Lacinio
1085 2555 1265 2641 insculptae

167 2669 264 2736 fidem
289 2676 385 2753 atque
413 2669 635 2735 auctoritatem
662 2689 695 2733 se
716 2667 772 2732 alii
791 2667 956 2733 traditioni
976 2669 1166 2752 praetulisse
1188 2669 1266 2737 dicit

168 2779 257 2866 („dcd
278 2777 335 2847 aui
355 2780 613 2847 κατακολουθεῖν
635 2774 796 2863 εἱλόμεθα
817 2783 859 2867 τῇ
879 2783 988 2868 γραφῇ
1008 2776 1158 2869 aodcffl).

254 2891 284 2955 9.
327 2889 403 2955 Pon.
427 2890 456 2954 3.
478 2889 529 2954 47.
555 2890 575 2954 6
603 2890 707 2956 verbis
734 2885 840 2972 ,,ἐ’νιοε
867 2893 932 2955 τῶν
960 2887 1168 2980 γεγραφότων
1190 2890 1268 2982 περὶ

170 3006 228 3091 τῆς
249 2997 435 3091 ὑπερβολῆς
455 2997 596 3090 εαύτης“
618 3023 671 3068 eos
692 3004 862 3086 scriptores
884 3003 1031 3083 denotat,
1061 3005 1117 3088 qui
1138 3005 1267 3089 Alpium

171 3115 340 3181 transitum
361 3113 551 3180 Hannibalis
578 3119 713 3179 narrant
741 3118 773 3179 et
802 3113 947 3198 augendo
973 3114 1178 3183 difficultates
1200 3118 1266 3185 eius
1344 3092 1347 3100 ι

169 3223 291 3290 itineris
313 3224 388 3290 deos
410 3223 602 3307 deorumque
623 3222 705 3288 filios
727 3223 916 3290 Hannibalis
944 3224 979 3289 in
1009 3246 1045 3291 eo
1071 3227 1183 3292 itinere
1209 3227 1268 3293 du-

169 3356 222 3402 ces
251 3335 407 3401 inducunt
432 3326 608 3417 'eorumque
631 3355 726 3419 opera
749 3334 962 3402 Hannibalem
985 3337 1081 3421 Alpes
1103 3358 1267 3422 superasse

168 3446 289 3513 dicunt.

253 3558 338 3636 Quos
361 3557 509 3643 Polybius
535 3557 600 3622 illis
628 3556 732 3624 verbis
760 3557 903 3624 nominet
928 3564 1096 3643 procerte
1120 3579 1185 3626 non
1207 3559 1266 3627 ha-

169 3669 294 3750 bemus3
316 3670 433 3736 multos
454 3689 529 3735 vero
551 3668 590 3734 de
611 3669 673 3735 hoc
692 3690 815 3754 semper
828 3671 960 3736 laudato
974 3670 1087 3736 itinere
1102 3670 1266 3754 scripsisse

167 3782 318 3849 videmus.
375 3783 523 3848 Fortasse
553 3782 637 3848 inter
673 3782 731 3849 hos
766 3783 936 3866 scriptores
969 3782 1157 3848 numerandi
1192 3789 1267 3850 sunt

169 3891 327 3959 Chaereas
348 3898 381 3958 ct
401 3892 545 3976 SosyluS,
570 3911 705 3974 quorum
725 3891 821 3958 fidem
841 3898 937 3975 atque
957 3891 1181 3958 auctoritatem
1201 3893 1266 3959 iam

169 4004 198 4070 3.
219 4005 262 4069 20
283 4005 401 4084 reiecit,
423 4024 494 4070 cum
516 4003 639 4069 Silenus
660 4003 849 4070 Hannibalis
872 4023 986 4082 comes,
1008 4022 1102 4086 quem
1117 4002 1266 4088 Polybius

134 4204 138 4209 Ι
168 4115 201 4182 ot
223 4113 340 4194 Livius,
361 4117 398 4179 ut
418 4113 602 4194 videbimus,
624 4115 658 4180 in
680 4116 807 4200 Alpium
827 4116 967 4183 transitu
988 4113 1195 4183 describendo
1217 4136 1266 4183 se-
