3038 4736
340 570 501 628 pluerat.
520 590 546 628 v.
564 573 581 627 ὅ
940 570 1057 627 Diodor.
1074 573 1118 627 26.
1136 573 1154 626 3

309 683 325 721 e
343 667 455 722 Valerio
473 667 589 722 Antiate
976 685 992 723 e
1011 668 1101 723 Fabio

205 779 242 851 οἳ
263 785 321 854 τὸν
341 791 401 872 μὲν
419 786 546 874 Φάβιον
567 786 737 856 cadavev—
778 785 824 870 ὥς
845 789 881 858 δὲ
902 787 961 857 οὐκ
983 787 1136 883 ineptior,
1160 785 1178 855 ὁ
1201 790 1304 879 δῆμος

204 923 260 978 τις
282 898 338 965 καὶ
358 907 646 990 καταφρονοῦντες,
667 897 737 968 ’Ar-
778 908 844 970 τῶν
852 899 1017 987 Ῥωμαίων
1028 899 1234 996 ἐβλασφήμει
1247 901 1304 970 τὸν

205 1006 298 1095 νίβου
312 1011 570 1101 παιδαγωγὸν
591 1010 737 1081 circand-
779 1012 964 1104 δικτάτορα,
980 1013 1037 1081 καὶ
1050 997 1304 1101 ααιδαγιογὸν

204 1121 304 1190 λοον.
772 1124 976 1193 ἐπικαλῶν
1018 1120 1118 1193 αὐτὸν
1154 1120 1303 1208 ὠνείδιζε

773 1238 832 1329 τὴν
854 1236 989 1307 δειλίαν.

432 1372 493 1422 aa
559 1340 561 1343 ’
1009 1372 1089 1424 τοι
1124 1439 1128 1447 Ι

139 1468 143 1475 “
205 1456 339 1548 ὥσπερ
383 1460 513 1542 δεινὸς
554 1457 735 1553 ἀθλητὴς
776 1461 955 1552 καθάπερ
1009 1462 1069 1553 γὰρ
1123 1459 1304 1553 ἀθλητὴς

204 1570 307 1660 λαβὴν
323 1572 433 1660 ζητῶν,
455 1573 662 1661 προσέβαλλε
676 1573 732 1641 καὶ
777 1569 931 1661 ἀγαθὸς
959 1573 1066 1641 πολὺν
1085 1571 1200 1663 χρόνον
1219 1601 1304 1664 χειρ-

205 1681 402 1772 διετάραττε.
772 1684 976 1776 αλεινττήσας
1005 1685 1064 1752 ἐπὶ
1096 1686 1154 1752 τὸν
1191 1682 1301 1775 οἷγιῦνα

775 1804 928 1887 καταντᾷ,

287 1908 433 1975 Valerius
455 1910 567 1976 Antias
588 1910 730 1977 laudavit
751 1917 871 1977 veteres
894 1911 1055 1977 Romanas
1077 1917 1185 1995 gentes
1207 1912 1303 1977 Vale·

202 2021 283 2100 rios,
319 2021 434 2087 Fabios
457 2029 664 2105 senatumque
684 2024 862 2090 Romanum
892 2025 946 2107 (of.
968 2025 1007 2090 fr.
1030 2025 1102 2109 21),
1141 2025 1304 2109 Scipiones

202 2130 406 2212 reprehendit
434 2132 486 2213 (of.
509 2132 548 2198 fr.
571 2132 613 2196 25
635 2140 668 2199 et
688 2133 727 2199 fr.
751 2134 822 2215 37);
857 2156 1021 2214 numeros,
1057 2156 1137 2217 quos
1168 2136 1303 2202 traditos

201 2242 342 2326 accepit,
364 2244 517 2328 augebat,
546 2250 676 2329 captos,
705 2267 813 2312 caesos
836 2254 868 2313 et
890 2248 981 2332 signa
1002 2247 1155 2314 militaria
1176 2269 1305 2314 enume-

201 2353 304 2420 rabat.

234 2504 243 2531 ι
288 2465 424 2532 Nitsohii
452 2468 641 2532 sententiam
669 2469 756 2534 lotos
783 2469 898 2553 quibus
920 2468 1027 2534 Livius
1048 2474 1115 2534 tam
1137 2469 1304 2553 diligenter

202 2576 364 2659 signorum
393 2577 458 2642 mil.
487 2599 652 2643 nnmerum
679 2581 795 2660 tradit,
833 2580 999 2645 eValerio
1021 2582 1150 2646 Antiate
1172 2581 1303 2647 haustos

203 2710 280 2768 esse,
303 2696 422 2755 certam
446 2690 549 2757 habeo
571 2698 603 2757 et
624 2714 674 2758 me
695 2694 850 2759 nonnulla
870 2694 935 2759 alia
950 2694 1140 2759 documenta
1161 2715 1219 2780 pro
1242 2695 1303 2761 hac

202 2803 360 2868 sententia
381 2804 549 2887 probanda
571 2806 770 2889 prolaturum
793 2827 860 2871 esse
881 2827 982 2890 spero.

288 2915 369 2993 Quia
397 2915 497 2981 Caelii
528 2936 607 2999 opus
636 2918 776 2982 omnium
805 2917 839 2982 in
868 2919 1015 2983 manibus
1042 2925 1127 2998 erat,
1164 2940 1186 2983 a
1212 2918 1301 2985 Livio

154 3014 165 3035 ’
202 3027 326 3111 neglegi
348 3048 412 3092 non
434 3030 555 3112 potuit3
578 3050 649 3094 eum
671 3036 745 3094 vero
767 3030 846 3094 Livii
868 3030 942 3096 libri
965 3052 995 3096 a.
1016 3055 1047 3097 u.
1072 3054 1098 3098 o.
1121 3033 1185 3097 iam
1207 3033 1301 3097 titulo

201 3139 365 3209 annalium
386 3138 521 3205 formam
545 3140 761 3218 ostenderent,
782 3140 890 3206 Livius
912 3142 988 3208 belli
1010 3143 1122 3208 Punici
1143 3145 1302 3209 narratio-

201 3273 273 3316 nem
303 3253 337 3316 in
366 3257 484 3316 certam
513 3257 690 3334 temporum
720 3253 876 3317 rationem
898 3253 1036 3337 redegit;
1073 3254 1181 3336 itaque
1203 3275 1304 3319 anna·

201 3363 279 3429 lium
301 3362 486 3446 scriptorem
507 3362 597 3427 illum
621 3364 653 3426 in
676 3384 768 3428 usum
789 3364 929 3441 vocavit,
951 3365 1006 3446 qui
1027 3364 1070 3430 ab
1091 3365 1182 3430 initio
1204 3364 1303 3430 libro·

201 3497 272 3540 rum
293 3496 321 3539 a.
344 3498 375 3539 u.
400 3496 426 3539 o.
449 3473 690 3540 fundamentum
712 3475 837 3554 fuerat,
860 3475 978 3540 Valerii
1002 3476 1138 3542 Antiatis
1159 3476 1302 3553 annales,

138 3659 140 3662 Α
200 3607 281 3669 quos
301 3586 335 3650 in
357 3586 585 3669 legationibus,
606 3589 776 3671 prodigite,
799 3587 1017 3666 contionibu8‚
1045 3587 1180 3652 comitiis
1202 3587 1302 3652 omni·⁴

200 3717 304 3779 noque
325 3697 360 3762 in
381 3697 475 3763 rebus
497 3698 627 3762 urbanis
650 3698 837 3763 enarrandis
859 3706 986 3765 secutus
1009 3704 1057 3763 est

286 3810 497 3889 Quamobrem
526 3819 562 3876 ut
591 3794 640 3876 in¹
654 3817 770 3893 quarta
799 3818 831 3876 et
860 3811 973 3893 quinta
1001 3809 1118 3876 decade
1146 3811 1227 3877 Livii
1257 3812 1302 3877 sio

189 3941 326 4005 ¹quoque
354 3923 387 3987 in
417 3923 512 3986 tertia
541 3922 623 3987 duas
647 3922 834 3987 traditiones
857 3921 1066 3995 secernendos
1088 3942 1155 3987 esse
1178 3942 1301 4002 censeo,

201 4051 335 4113 quarum
358 4031 491 4095 alteram
513 4051 564 4096 res
585 4030 663 4096 foris
685 4039 791 4115 gestas
814 4053 832 4097 e
853 4031 961 4097 Caelio
983 4038 1129 4112 auctore,
1167 4034 1301 4100 alteram

200 4162 251 4207 res
280 4141 365 4208 domi
394 4149 500 4226 gestas
530 4166 581 4211 res
610 4144 749 4210 urbanas
781 4165 799 4209 e
826 4143 953 4209 Valerio
982 4146 1111 4211 Antiato
1137 4147 1302 4230 descripsit

1054 4268 1071 4317 4
