3038 4736
676 321 727 395 29

150 531 194 599 ad
215 551 354 617 pugnam
376 529 418 595 ad
438 529 594 609 Trebiam,
615 530 770 614 proelium
790 534 936 610 equestre
949 528 991 593 ad
1005 527 1147 594 Ticinum
1163 549 1249 594 com-

150 645 291 723 missum,
311 643 473 708 Romanos
494 642 686 708 Placentiam
708 641 876 727 profectos,
896 641 1112 708 Hannibalem
1126 641 1248 707 Padum

36 802 37 807 κ
150 755 323 822 transiisse.

240 867 268 932 7.
312 866 654 950 SemproniusScipioni
676 887 709 931 se
731 866 847 949 iungit,
877 865 1058 949 (utriusque
1080 870 1186 931 castra
1205 865 1249 929 40

151 980 258 1048 stadia
272 979 450 1064 distantia)
472 1000 580 1063 pugna
595 978 638 1044 ad
651 977 808 1055 Trebiam,
830 997 913 1059 quae
931 977 1093 1044 nonnullis
1108 979 1250 1043 certiori·
1372 988 1375 995 “

151 1093 213 1159 bus
232 1092 439 1158 relationibus
460 1090 622 1156 illustrata
644 1090 677 1154 in
699 1091 862 1155 annalium
883 1089 1067 1175 scriptorem
1083 1090 1250 1157 referenda

152 1211 201 1271 est
226 1197 321 1287 (Ἀνν.
341 1201 375 1281 ἒς
397 1202 549 1290 δευτέραν
570 1197 657 1288 ὥραν
678 1196 851 1284 decemb
885 1202 919 1266 in
948 1202 1016 1267 acie
1043 1200 1250 1268 describenda

152 1317 310 1384 consentit
331 1337 402 1381 cum
425 1314 572 1399 Polybio,
600 1315 634 1378 in
655 1335 763 1397 pugna
787 1313 966 1379 enarranda
987 1314 1150 1379 annalium
1172 1314 1251 1380 scri·

151 1435 275 1515 ptorem
298 1434 354 1493 aut
375 1427 485 1493 militis
506 1427 643 1510 gregarii
663 1427 879 1492 narrationem
904 1427 1054 1511 sequitur.
1194 1416 1196 1421 ’

238 1540 375 1606 insidiae
395 1560 415 1604 a
436 1538 571 1622 Magone
593 1538 716 1604 locatae
736 1560 801 1604 non
821 1547 1011 1621 narrantur3
1033 1560 1140 1625 pugna
1159 1559 1250 1624 prae-

35 1706 37 1711 s
153 1656 244 1740 cipue
266 1653 351 1719 circa
372 1651 557 1736 elephantos
579 1652 748 1716 commissa
770 1657 827 1731 est,
849 1673 983 1736 quorum
1006 1652 1134 1718 odorem
1155 1656 1251 1733 atque

153 1768 339 1852 adspectum
355 1764 490 1829 Romani
512 1765 585 1847 equi
606 1763 743 1828 tolerare
764 1785 830 1829 non
851 1771 985 1849 possunt
1007 1765 1086 1847 (Liu.
1111 1766 1162 1829 21.
1185 1765 1252 1845 55),

154 1879 299 1962 quitum
320 1898 341 1941 a
361 1875 514 1940 Romanis
535 1873 651 1953 πεζοῖς
673 1874 754 1953 (Lis.
771 1875 895 1955 velites)
918 1875 1043 1942 fortiter
1063 1876 1253 1961 impugnan-

153 1996 207 2056 tur
214 2015 224 2069 ;
258 1987 366 2055 clades
395 1993 428 2054 et
456 1987 533 2070 fuga
561 1986 697 2052 Romani
719 1988 875 2052 exercitus
895 1987 928 2052 in
951 1994 1071 2067 castra,
1099 1987 1252 2054 hibernae

154 2101 367 2186 expeditiones
390 2099 501 2164 eodem
522 2098 616 2164 modo
638 2105 827 2172 narrantur,
851 2121 916 2182 quo
938 2100 1045 2167 Livius
1068 2123 1121 2167 eas
1142 2102 1251 2168 tradit.

153 2212 236 2278 Nam
266 2212 436 2278 exercitum
467 2230 487 2275 a
515 2209 661 2293 Scipione
687 2211 854 2276 vulnerato
877 2211 1065 2277 Cremonam
1087 2203 1251 2278 reductum

155 2346 242 2404 esse,
279 2323 490 2390 Hannibalem
518 2323 551 2387 in
581 2318 728 2388 ἐπίνειον
748 2320 849 2409 βραχὺ
871 2319 1078 2402 Πλακεντίας
1098 2325 1252 2410 impetum

155 2438 266 2504 fecisse
289 2437 367 2517 (niv.
391 2438 442 2502 21.
464 2436 506 2500 57
529 2436 738 2520 Emporium),
759 2438 866 2517 4001v.
889 2437 1041 2517 amisisse,
1063 2459 1102 2503 ac
1123 2437 1253 2503 uulnere

131 2553 286 2633 ,accepto
306 2549 341 2613 in
361 2547 440 2612 Padi
462 2546 580 2630 campis
602 2546 736 2611 hiberna
757 2546 915 2630 posuisse,
944 2547 1104 2613 Romanos
1126 2547 1254 2613 Oromo-

155 2681 233 2725 nam
253 2665 286 2725 et
306 2657 500 2740 Placentiam
521 2657 555 2722 in
576 2656 710 2721 hiberna
729 2656 860 2723 rediisse
881 2662 1002 2723 narrat.

242 2792 269 2837 c.
293 2770 313 2834 8
355 2770 475 2835 Romae
497 2789 598 2834 novae
619 2769 758 2851 legiones
780 2769 1081 2837 circumscribuntur
1111 2773 1149 2834 13
1172 2771 1249 2854 lepp.

155 2885 284 2950 c5000
300 2906 338 2966 p.
362 2884 425 2945 300
449 2905 496 2967 eq.
527 2903 566 2947 ac
598 2880 715 2966 duplex
744 2882 900 2947 sociorum
930 2904 1090 2949 numerus.
1136 2883 1254 2967 Copiae

156 2997 191 3062 in
212 2996 413 3080 Hispaniam,
436 2994 630 3071 Sardiniam,
652 2992 795 3059 Siciliam
814 2992 1019 3059 dimittuntur
1041 2995 1095 3076 (cf.
1119 2993 1201 3076 Pol.)
1223 3001 1255 3060 et

156 3106 278 3172 multae
304 3107 337 3170 in
366 3103 577 3170 Hannibalem
608 3103 666 3168 sub
690 3102 746 3167 On.
770 3101 902 3168 Servilio
925 3102 959 3167 0.
982 3103 1140 3170 Flaminio
1162 3125 1253 3184 coss,

156 3239 293 3303 quorum
314 3216 463 3283 Servilius
485 3216 638 3301 Scipionis
660 3217 833 3282 exercitum
854 3217 888 3281 in
912 3216 998 3283 Pado
1020 3218 1153 3302 accipit,
1181 3217 1256 3282 Fla-

157 3332 273 3397 minius
295 3352 367 3395 oum
389 3331 497 3394 30000
516 3353 545 3415 p.
569 3329 654 3394 3000
669 3351 717 3411 eq.
740 3329 853 3395 Italiae
874 3329 1033 3414 praesidio
1056 3330 1254 3414 Apenninum

158 3442 275 3507 insidet
282 3468 292 3521 ;
320 3441 426 3525 Scipio
447 3441 619 3525 proconsul
639 3441 672 3505 in
695 3440 881 3525 Hispaniam
903 3440 1025 3506 missus.
1252 3437 1255 3444 ’

244 3575 271 3619 c.
288 3553 318 3617 9.
361 3552 523 3618 Hannibal
538 3574 595 3638 per
609 3553 772 3617 Etruriam
786 3553 921 3618 Romam
937 3548 1158 3638 proficiscitur,
1179 3546 1256 3617 αοα-ι

158 3669 302 3731 tracum
329 3666 365 3728 0.
394 3666 559 3728 Centenius
580 3665 629 3727 cir
644 3664 790 3747 privatus
811 3659 1002 3751 (ἰδιώτης)
1024 3686 1094 3728 cum
1116 3664 1203 3729 8000
1223 3684 1253 3726 c.

159 3777 266 3842 Romo
294 3776 440 3841 dimissus
469 3776 502 3840 in
533 3774 699 3840 Umbriam
728 3777 773 3839 cd
790 3776 909 3861 fauces
939 3773 973 3838 iu
1001 3768 1117 3860 λίμνη
1139 3771 1257 3839 Hice-¹

104 3918 107 3923 ·
161 3884 273 3976 στίνη
302 3888 483 3952 inridendus
513 3887 593 3971 (Liv.
616 3893 648 3952 et
669 3887 735 3951 Pol.
765 3885 949 3953 Centenium
971 3886 1109 3971 legatum
1133 3885 1257 3953 Servilii

159 4021 233 4066 eum
254 3998 340 4063 4000
361 4021 389 4063 v.
413 4000 543 4064 missum
566 4019 633 4064 esse
655 3998 809 4078 tradunt).

245 4109 421 4175 Flaminius
453 4116 566 4176 contra
595 4108 807 4175 Hannibalem
840 4109 991 4178 citissime
1020 4107 1183 4195 proiectus
1214 4106 1258 4177 ad
