3038 4736
790 318 841 392 30

263 518 370 587 lacum
391 518 607 589 Trasimenum
628 521 730 589 victus
758 542 829 589 cum
857 522 964 589 10000
984 543 1014 589 o.
1040 519 1119 601 (Lir-
1143 520 1195 586 22.
1219 521 1237 589 t
1260 541 1279 591 6
1299 519 1360 589 ua-

265 628 335 709 bio,
365 628 473 713 Polyb.
496 649 513 694 e
535 629 641 696 Sileno
666 629 826 697 1500011.
849 637 1030 713 11666666,
1062 630 1167 697 10000
1190 631 1227 695 R.
1250 652 1272 699 a
1292 630 1360 704 Man

265 737 397 805 harbale
417 740 452 804 in
473 740 542 805 vico
563 742 649 825 capti
671 741 752 823 (Pol.
776 741 842 807 Liv.
866 741 963 821 6000)
985 742 1121 808 Romani
1141 742 1257 822 vincti,
1283 743 1360 815 66611

265 851 413 931 absoluti,
434 852 554 936 praeda
574 854 710 937 partita3
732 854 882 923 Servilius
903 875 923 920 a
944 855 1031 921 Pado
1050 875 1121 925 oum
1144 858 1252 921 40000
1272 877 1301 920 o.
1325 855 1359 921 in

266 962 427 1031 Etruriam
449 964 618 1049 proiectus.

290 1103 298 1109 „
351 1094 378 1138 c.
404 1074 443 1137 11
466 1074 610 1145 06616611
630 1075 737 1142 clades
757 1076 792 1142 in
813 1077 886 1145 lacu
907 1076 1056 1145 Pleistine
1076 1074 1264 1145 Maharbale
1286 1095 1359 1149 curu

266 1186 420 1272 expeditis
443 1184 566 1274 (ψιλοί)
596 1209 617 1257 6
645 1195 752 1273 tergo,
789 1189 968 1259 Hannibale
988 1209 1010 1254 a
1030 1189 1135 1255 fronte
1156 1202 1228 1255 eum
1249 1209 1361 1272 aggre-

267 1296 441 1377 dientibus3
477 1297 563 1362 3000
583 1298 621 1363 R.
644 1307 664 1375 1
694 1298 758 1363 800
780 1300 817 1365 R.
840 1301 942 1384 capti,
980 1301 1075 1367 ceteri
1096 1300 1213 1384 fugere.
1258 1304 1361 1369 terror

265 1408 384 1475 Romae
405 1408 531 1488 illatus,
567 1429 656 1475 66666
684 1415 867 1490 armantur,
902 1410 1010 1496 spoliis
1043 1410 1156 1495 opimis
1189 1410 1360 1494 eanum

266 1521 395 1599 sumtis,
416 1520 509 1587 Fabii
528 1519 615 1587 Max.
637 1521 805 1587 dictatura.

267 1693 271 1704 .
350 1632 411 1697 Hic
433 1653 558 1716 quoque
578 1634 701 1702 Livium
724 1633 889 1719 Polybium
905 1653 1076 1717 eorumque
1090 1632 1195 1703 fontes
1210 1631 1361 1712 Caelium,

266 1742 428 1810 Valerium
449 1749 533 1824 Ant,
555 1747 706 1827 Silenum,
729 1747 863 1812 Fabium
876 1747 1048 1832 Appianas
1070 1752 1155 1815 certe
1174 1768 1237 1815 aaa
1258 1746 1361 1830 sequi-
1476 1839 1477 1842 Ἴ

264 1859 334 1934 tur,
356 1855 568 1922 seductorem
590 1857 754 1925 annalium
776 1859 984 1942 scriptorem,
1006 1879 1079 1924 oum
1100 1857 1202 1929 multa
1224 1878 1306 1947 nova
1326 1862 1362 1929 61

267 1966 391 2032 diversa
412 1966 534 2034 afferat.
1038 1973 1041 1979 ’

352 2098 379 2143 6.
403 2078 443 2141 12
464 2077 654 2143 Hannibalis
682 2077 743 2143 iter
771 2079 805 2143 in
832 2099 921 2144 mare
947 2077 1089 2158 Ionium,
1123 2098 1181 2145 ora
1201 2081 1361 2151 maritima

264 2191 425 2267 vastatur,
458 2189 607 2257 Servilius
634 2189 729 2257 rebus
756 2191 790 2255 in
819 2189 920 2255 Gallis
947 2210 1097 2275 prospere
1125 2194 1222 2276 gestis
1250 2198 1362 2263 666116

266 2319 338 2367 eum
360 2299 520 2384 profectus
541 2299 678 2367 Arimini
699 2304 805 2367 eastra
826 2298 928 2379 locat,
960 2300 1055 2365 unius
1076 2300 1139 2367 diei
1160 2302 1297 2386 spatium
1319 2302 1361 2372 ab

266 2412 446 2485 Hannibale
468 2413 630 2481 distantia.
678 2412 770 2478 Fabii
791 2411 965 2492 dictatura,
1001 2419 1172 2496 aequatum
1194 2415 1362 2499 imperium

266 2525 349 2591 inter
369 2525 501 2593 Fabium
525 2518 762 2611 Minuciumque
783 2530 941 2595 narratur.

353 2657 381 2701 c.
398 2634 532 2699 13-15.
555 2635 717 2703 Hannibal
738 2634 911 2703 exercitum
931 2639 1037 2720 serrat
1057 2635 1197 2703 accensis
1220 2655 1362 2706 sarmen-

266 2747 309 2814 tis
329 2749 371 2814 ad
393 2768 514 2814 cornua
535 2747 631 2816 boum
653 2748 811 2833 adligatis,
831 2746 931 2812 Fabio
951 2754 1058 2813 castra
1078 2749 1111 2813 in
1134 2748 1216 2817 colle
1237 2748 1362 2815 locante

267 2860 348 2943 (Lir.
371 2865 403 2926 et
424 2860 523 2943 Ρ61.),
545 2861 702 2950 praesidio
724 2861 868 2929 Romano
888 2859 976 2925 4000
996 2882 1025 2927 r.
1049 2862 1130 2941 (Pol.
1154 2868 1186 2928 61
1208 2863 1305 2944 Ρ161.)
1327 2864 1362 2937 iu

266 2971 411 3038 faucibus
434 2967 560 3052 (δίοδος
581 2967 691 3061 στενή)
713 2973 828 3041 166616.

352 3083 481 3149 Praetor
500 3103 617 3149 novam
638 3085 854 3151 narrationem
876 3087 960 3149 5000
982 3085 1118 3169 captiuos
1138 3086 1299 3155 Romanoa
1320 3087 1361 3157 ab

265 3193 446 3260 Hannibale
460 3174 563 3261 caesos
578 3217 653 3273 esse,
677 3197 840 3281 Appianas
861 3197 1016 3265 nonnulla
1037 3220 1057 3265 a
1079 3200 1159 3269 Livii
1178 3201 1362 3286 Polybiiquu

211 3327 213 3330 ’
265 3305 436 3371 traditione
458 3305 666 3371 abhorrentia
686 3306 721 3371 in
741 3309 879 3377 transitu
900 3308 1106 3375 describendo
1129 3317 1249 3391 narrat,
1270 3333 1362 3397 prae-

266 3416 358 3501 cipue
379 3437 503 3499 quoque
523 3418 735 3486 Hannibalem
754 3428 826 3504 port
846 3426 1016 3502 aequatum
1037 3421 1204 3504 imperium
1228 3422 1363 3488 dictato-

266 3550 337 3610 rum
359 3514 444 3595 hunc
464 3532 635 3598 transitum
655 3532 784 3612 fecisse,
821 3531 896 3597 dum
917 3531 983 3601 Lis.
1008 3533 1218 3620 Polybiusque
1246 3556 1363 3619 aequa·

267 3646 336 3732 tum
363 3642 530 3725 imperium
558 3649 631 3728 post
656 3645 748 3715 illum
767 3644 956 3711 Hannibalis
976 3647 1146 3727 transitum
1167 3647 1201 3715 in
1223 3645 1362 3719 hibernis

266 3771 297 3818 a.
318 3749 381 3817 217
403 3756 546 3819 narrant.

272 3898 274 3905 ·
344 3885 380 3930 c.
405 3866 455 3930 16.
497 3865 660 3935 Hannibal
681 3866 814 3939 hiberna
833 3866 868 3932 in
888 3867 1011 3937 horreis
1031 3870 1182 3938 Romanis
1205 3871 1363 3938 661606-

267 3976 411 4043 reonium
432 3978 566 4062 Apuliae
588 3977 738 4064 oppidum
758 3979 841 4062 agit,
874 3984 980 4055 eastra
1005 3980 1098 4047 Fabii
1127 3982 1168 4047 10
1188 3982 1292 4051 stadia
1313 3982 1363 4055 di«

267 4086 389 4182 stantia
415 4087 457 4155 ab
482 4085 590 4158 caah.
619 4087 704 4162 ultra
725 4086 873 4161 Aufidum
894 4088 976 4171 (Liv.
997 4090 1032 4157 in
1052 4111 1159 4175 pugna
1179 4091 1361 4174 06666661).
