3038 4736
676 303 724 377 31

38 544 40 551 -
150 501 267 567 Fabius
289 501 446 569 dictatura
468 523 501 569 se
522 502 660 584 abdicat,
682 503 833 569 Sensibus
848 508 881 569 at
894 501 1009 571 Atilius
1028 521 1080 571 res
1100 520 1252 588 prospere

38 586 40 633 ³
151 620 274 699 gerunt.
316 615 354 679 In
381 614 570 681 Hannibalis
599 616 757 700 legatione
789 614 1013 699 Carthaginem
1044 614 1142 683 (01000
1170 633 1252 697 quae

37 778 38 781 ¹
150 728 303 813 auxilium
324 734 552 810 argentumque
567 733 697 813 ,peteret
718 733 751 794 et
772 728 902 812 repulsa
923 726 1131 795 describenda
1151 747 1252 795 auna-

37 892 39 925 .
150 839 229 914 lium
259 840 443 923 scriptorem
469 860 535 907 non
557 844 665 906 tamen
688 840 853 925 Polybium
875 839 1078 923 Silenumque
1099 840 1250 922 sequituu.

236 998 264 1044 o.
289 977 338 1043 17.
381 979 518 1044 Romani
544 1001 617 1045 cum
637 980 659 1043 4
681 978 857 1063 legionibus
878 978 914 1043 L.
936 979 1105 1049 Aemilium
1126 985 1159 1046 et
1179 980 1249 1047 Ter.

73 1106 79 1116 ·
151 1091 326 1156 Varronem
341 1090 505 1155 dimittunt
519 1096 556 1156 nt
569 1112 676 1174 pugna
690 1090 927 1156 remdimieent.
963 1090 1126 1155 Romanae
1141 1091 1251 1174 copiae

36 1184 38 1273 Ῑ
154 1203 312 1287 (00000.
338 1203 423 1267 0000
445 1224 493 1285 eq.
523 1202 604 1283 (1³01.
628 1185 786 1286 soooopj
810 1201 964 1284 eeooeq.
986 1201 1044 1267 aa
1067 1201 1250 1287 araoopa

36 1324 37 1333 ’
152 1358 155 1363 »
237 1312 406 1379 Contiones
426 1314 460 1378 10
481 1313 595 1378 castris
617 1313 786 1391 Romanis,
816 1312 931 1396 quibus
951 1313 1104 1378 Aemilius
1125 1317 1158 1378 00
1178 1312 1251 1379 Ser·

36 1436 38 1507 ξ
150 1427 245 1491 vilius
266 1432 378 1492 contra
399 1426 561 1503 Varronis,
584 1430 767 1490 senatorum
789 1430 822 1490 et
844 1426 986 1507 equitum
1008 1426 1160 1510 impetum
1182 1446 1251 1499 rem

35 1552 36 1587 ³
150 1539 348 1608 (11Ιο0000000
369 1560 436 1604 0000
451 1543 597 1616 0000000;
619 1536 807 1603 Hannibalis
829 1538 965 1621 impetus
987 1539 1021 1603 in
1042 1537 1252 1605 frumentato-

35 1676 38 1685 *
151 1672 218 1730 res,
255 1651 357 1716 Varro
378 1651 505 1717 Aemilii
526 1649 631 1715 verbis
654 1655 686 1714 et
706 1648 879 1714 infelicium
902 1650 1116 1733 auspiciorum
1138 1650 1251 1715 nuntio

149 1763 321 1848 impeditus
342 1762 510 1845 quominus
533 1762 678 1846 protinus
700 1760 875 1826 dimicaret.

236 1921 263 1965 c.
287 1901 327 1964 19
349 1922 456 1985 pugna
478 1898 661 1966 Cannensis.

236 2012 388 2078 Aemilius
410 2012 547 2078 Varroni
574 2012 675 2091 cedit,
711 2011 813 2095 primo
841 2009 892 2076 (110
921 2008 1084 2076 Hannibal
1111 2029 1250 2095 pugnam

34 2132 36 2137 ’
151 2125 265 2204 negat,
297 2127 425 2207 postero
447 2121 497 2187 (110
519 2124 663 2189 Varrone
685 2124 861 2208 imperante
883 2122 983 2187 aciem
1006 2122 1143 2186 instruit.

237 2234 274 2298 lu
296 2236 364 2300 acie
386 2235 593 2302 describenda
613 2238 779 2322 Appianus
801 2234 936 2301 multum
956 2255 977 2299 a
999 2232 1131 2317 Polybio
1145 2231 1252 2298 Livio-

150 2353 212 2436 que
234 2344 349 2424 differt,
371 2367 444 2412 oum
459 2346 637 2415 Romanam
658 2347 748 2413 illam
769 2346 868 2412 aciem
891 2344 1070 2411 ordinatam
1090 2364 1148 2427 per
1163 2343 1252 2426 prin-

33 2434 35 2511 1
153 2457 246 2539 cipes,
270 2456 414 2522 hastatos
435 2462 468 2523 et
488 2459 616 2524 triarios
638 2452 700 2537 (εἰς
714 2455 789 2545 τρία
803 2454 1008 2542 τεταγμένοι)
1030 2455 1147 2534 tradat,
1168 2475 1251 2539 quaa
1375 2524 1379 2531 ,

151 2567 194 2632 01
225 2568 388 2632 annalium
416 2568 602 2653 scriptorem
630 2571 784 2655 pertinet,
814 2568 853 2634 (10
875 2587 938 2651 quo
959 2572 1029 2632 tota
1049 2587 1174 2651 pugnae
1196 2565 1251 2632 de-

152 2680 284 2764 scriptio
307 2701 432 2763 quoque
452 2682 580 2765 pendet.
987 2744 990 2751 .

236 2789 399 2856 Hannibal
423 2791 555 2857 insidias
581 2792 684 2871 locat,
719 2798 813 2858 vento
835 2792 953 2871 utitur,
988 2790 1053 2856 500
1075 2789 1251 2857 Celtiberos

151 2902 234 2986 (Liv.
256 2904 321 2969 500
342 2903 510 2981 Numidas)
537 2910 664 2988 praeter
686 2904 797 2989 longos
820 2903 943 2988 gladios
963 2904 1159 2971 brevioribus
1182 2926 1253 2971 mu·

151 3018 301 3084 oronlbus
314 3014 434 3083 'armat
461 3018 503 3083 ad
534 3018 686 3103 impetum
709 3039 729 3082 a
752 3025 841 3101 tergo
862 3017 1015 3082 Romanis
1036 3016 1251 3096 inferendum3

151 3118 236 3196 acies
265 3129 421 3195 trifariam
452 3130 629 3211 instructa,
664 3152 772 3216 pugna
802 3130 940 3197 secunda
971 3130 1052 3195 hora
1082 3130 1252 3205 commissa

152 3218 261 3307 omnia
292 3240 371 3306 baso
400 3241 564 3306 annalium
595 3242 798 3325 scriptorem,
835 3242 964 3308 minime
993 3261 1068 3307 vero
1101 3239 1252 3319 Silenum,

152 3367 247 3436 quem
270 3353 376 3418 Livius
398 3352 610 3438 Polybiusque
632 3360 822 3439 sequuntur,
853 3354 991 3440 Appiani
1011 3352 1108 3421 fuisse
1130 3352 1249 3418 iontem

154 3464 334 3530 ostendunt.
582 3466 589 3475 '

144 3593 161 3665 .’
240 3625 266 3670 0.
284 3604 326 3668 25
346 3624 471 3688 pugnae
492 3608 617 3688 tempus
638 3604 916 3687 Romanorumque
937 3604 1066 3670 caedem
1080 3603 1253 3681 0000000

145 3714 214 3799 ref..
232 3713 313 3779 000.
338 3713 404 3779 mv.
427 3713 534 3779 40000
555 3725 592 3793 0,
614 3715 681 3781 ror.
704 3715 811 3780 (0000
832 3719 864 3799 p
886 3715 994 3783 tasse

158 3804 161 3813 0

240 3875 267 3919 0.
290 3853 332 3918 26
365 3853 527 3923 Hannibal
549 3855 591 3923 ad
613 3860 750 3940 stragem
773 3855 987 3940 spectandam
1001 3854 1081 3934 exit,
1117 3815 1184 3921 0100
1205 3854 1254 3933 la·u

154 3964 382 4040 0000001000ος
416 3965 521 4030 10000
542 3986 571 4031 v.
593 3965 648 4029 sat
672 3968 713 4032 P.
738 3966 923 4050 Sempronio
945 3968 1022 4031 duce
1044 3966 1215 4033 Canusium
1235 3986 1254 4033 e

154 4078 270 4145 castris
290 4077 463 4146 maioribus
484 4077 610 4162 fugiunt
619 4103 629 4157 ;
650 4078 736 4143 0000
749 4100 779 4144 v.
801 4078 835 4143 in
850 4078 1024 4146 minoribus
1039 4078 1152 4145 castris
1166 4077 1254 4163 capti
