3038 4736
752 326 800 398 56

227 530 343 594 facturi
364 529 561 609 videbantur,
582 529 766 608 faterentur,
787 549 825 594 ao
847 528 1051 597 defenderent
1072 530 1200 613 publico
1221 532 1325 598 consi-

227 640 271 706 lio
292 641 421 719 fastum,
442 646 478 705 ut
498 639 674 705 indicerent
693 639 812 723 populo
834 637 1088 722 Carthaginiensi
1108 640 1236 706 bellum.

679 770 738 824 Pol.
757 771 782 823 3.
800 772 826 824 8.
843 769 870 824 8.

228 863 311 956 φησί
331 862 350 932 ό
376 862 502 952 Φάβιος
521 863 605 950 μετὰ
625 864 684 954 την
704 869 763 954 τῆς
784 865 1018 954 προειρημένης
1045 863 1176 946 πόλεως
1202 861 1325 935 ἅλωσιν

228 977 475 1065 παραγενέσθαι
496 976 572 1057 τοὺς
589 973 772 1062 Ῥωμαίους
792 973 961 1062 οἰομένους
983 978 1055 1044 δεῖν
1066 971 1088 1067 ἢ
1101 1003 1159 1045 τιν
1172 973 1326 1066 Ἀννίβαν

228 1089 392 1160 ἐκδιδόναι
414 1088 511 1180 σφίσι
532 1089 609 1171 τοὺς
632 1086 872 1178 Καρχηδονίους
893 1082 915 1179 ἢ
934 1087 992 1156 τὸν
1013 1079 1161 1176 πόλεμον
1182 1085 1325 1176 όναλαμ-

226 1199 347 1286 βαίνειν.

695 1332 754 1386 Pol.
773 1333 799 1387 3.
816 1333 860 1385 20.

225 1421 384 1509 ιΡωμαῖοι
406 1425 442 1493 δέ
464 1422 715 1512 προσπεσόντος
735 1418 795 1493 aod
816 1422 985 1512 γεγονότος
1006 1424 1090 1492 κατὰ
1111 1425 1188 1505 τοὺς
1202 1435 1327 1494 Ζακυν-

227 1534 346 1616 salove
374 1533 593 1626 ἀτυχήματος,
630 1544 826 1627 παραχρῆμα
860 1536 1064 1626 πρεσβευτὰς
1093 1537 1326 1621 ἐξαπέστειλαν

228 1644 276 1727 εἷς
296 1647 354 1738 τὴν
376 1648 570 1738 Καρχηδόνα
598 1648 656 1716 δόο
688 1648 920 1737 προτείνοντας
947 1645 1060 1729 αὐτοῖς
1082 1695 1122 1703 -
1145 1643 1167 1739 ἢ
1187 1649 1246 1737 γὰρ
1268 1648 1326 1717 τόν

228 1760 406 1850 στρατηγὸν
420 1760 572 1848 Ἀννίβαν
593 1763 650 1830 καὶ
671 1762 748 1842 τούς
767 1759 839 1848 μετ’
860 1758 961 1830 αὐτοῦ
983 1760 1153 1851 συνέδρους
1175 1761 1327 1843 ἐκδότους

228 1871 354 1941 διδόναι
373 1871 550 1960 Ῥωμαίοις
571 1872 720 1965 ἀπῄτουν
740 1870 762 1966 ἢ
781 1873 1002 1966 προηγγελλον
1024 1874 1082 1941 τὸν
1105 1872 1259 1958 πόλεμον,

633 2006 701 2061 Ζου.
720 2011 745 2062 8.
764 2010 807 2060 22.
826 2025 853 2076 p.
874 2007 931 2059 180.

227 2102 267 2186 τῇ
289 2098 326 2165 δέ
347 2099 449 2186 βουλῇ
470 2096 579 2182 ἔδοξεν
601 2100 757 2188 πρέσβεις
779 2095 827 2178 είς
847 2098 906 2187 τὴν
921 2094 1116 2187 Καρχηδόνα
1132 2100 1258 2165 στεῖλαι
1270 2100 1327 2166 καὶ

226 2214 285 2272 τοῦ
300 2206 452 2294 Ἀννίβου
475 2215 701 2299 κατηγορῆσαι,
725 2208 780 2276 καί
802 2205 832 2275 εὶ
853 2207 913 2293 μέν
934 2206 979 2297 μὴ
1002 2206 1169 2276 ἐπαινοῖεν
1183 2208 1226 2277 τὰ
1242 2234 1327 2300 πρα-

224 2318 357 2402 χθέντα,
384 2317 525 2403 δικάσαι,
555 2318 584 2388 εί
607 2316 636 2388 δ’
658 2319 706 2402 εἷς
727 2321 849 2388 ἐκεῖνον
872 2315 955 2386 αὐτὰ
977 2313 1178 2409 δναφὲροιεν,
1202 2320 1327 2410 ἐξαιτη-

226 2436 355 2499 raudai
376 2427 494 2525 αὐτὸν,
508 2426 568 2498 adv
589 2431 634 2521 μὴ
657 2432 787 2516 ἐκδῶσι,
808 2429 865 2499 τὸν
885 2428 1033 2515 πόλεμον
1055 2429 1249 2519 ἐσαγγεῖλαι
1269 2429 1326 2500 ον’-

225 2549 307 2624 τοῖς.

662 2698 736 2769 App.
752 2700 827 2755 Iber.
849 2707 888 2758 13.

205 2796 374 2877 ,Ρωμαῖοι
405 2794 441 2862 δέ
471 2795 628 2883 πρέσβεις
655 2795 688 2878 ές
714 2799 907 2890 Καρχηδόνα
934 2802 1103 2892 ἔπεμπον,
1139 2803 1190 2890 οἷς
1214 2806 1325 2901 εἴρητο

228 2905 365 2989 ἐξαιτεῖν
388 2903 480 2994 παρὰ
502 2907 732 2996 Καρχηδονίων
754 2906 908 2999 Ἀννίβαν
937 2914 982 2995 οῖς
1011 2917 1045 2998 ές
1072 2917 1132 3000 τὰς
1161 2919 1327 3012 συνθήκας

227 3011 421 3105 ἁμαρτόντα,
445 3014 475 3084 εί
496 3015 541 3106 μὴ
563 3017 672 3086 κοινὸν
694 3017 845 3110 ἡγοῦνται
867 3024 905 3093 τὸ
928 3024 1029 3116 ἔργον.
1052 3024 1090 3121 ἢν
1113 3033 1149 3100 δὲ
1169 3032 1214 3123 μὴ
1231 3031 1326 3102 δίδω-

228 3152 289 3210 σιν,
313 3123 438 3208 εὐθέως
459 3126 572 3210 αὐτοῖς
593 3131 740 3218 πόλεμον
761 3137 1000 3227 προαγορεύειν.

182 3327 186 3333 ἱ
312 3243 428 3309 Omnes
457 3246 626 3328 scriptores
655 3248 828 3315 Fabianam
850 3253 1053 3321 traditionem
1076 3257 1157 3338 (Pol.
1180 3258 1210 3324 3.
1234 3260 1262 3323 8.
1290 3260 1325 3345 8)

227 3363 361 3422 narrant
382 3355 534 3422 mandata
554 3358 651 3424 fuisse
672 3367 729 3425 aut
749 3361 961 3430 Hannibalem
984 3366 1162 3434 dedendum
1181 3377 1238 3434 aut
1259 3370 1327 3436 bel-

211 3446 294 3533 ⁸lum
316 3468 487 3551 gerendum
510 3492 585 3536 esse.
628 3471 733 3551 Livio,
764 3475 818 3556 qui
840 3477 903 3540 iam
924 3479 1059 3560 primam
1081 3480 1171 3546 Rom.
1194 3481 1327 3566 legatio-

228 3602 301 3646 nem
327 3580 540 3647 Hannibalem
568 3586 787 3667 expoposcisse
816 3586 1008 3668 tradiderat,
1044 3612 1109 3655 non
1139 3596 1239 3657 restat
1265 3593 1328 3658 nisi

228 3695 371 3777 quaestio
391 3696 495 3760 inanis
523 3695 712 3777 „publicone
733 3698 865 3763 oonsilio
886 3699 1049 3766 Hannibal
1071 3701 1245 3786 Saguntum
1269 3723 1326 3787 op-

227 3810 429 3888 pugnasset“‚
451 3812 483 3870 et
504 3805 623 3871 bellum
644 3808 855 3874 indicendum.

313 3916 494 3999 Sequuntur
530 3917 772 3985 deliberationes
806 3920 839 3984 in
873 3921 1180 4005 Carthaginiensium
1213 3929 1325 3988 senatu

228 4025 373 4105 habitae,
393 4026 486 4091 Fabii
507 4028 609 4092 oratio
632 4035 664 4093 et
685 4029 778 4094 unius
800 4052 839 4096 ex
861 4030 1174 4116 Carthaginiensibus
1195 4054 1326 4117 respon-

228 4160 296 4204 sum
319 4131 409 4223 (Zon.
433 4140 461 4203 8.
485 4141 527 4205 22
548 4141 780 4222 Hasdrubalis).
825 4141 1067 4226 Erousationes,
1090 4164 1170 4230 quas
1191 4144 1326 4212 Cartha·
