3038 4736
784 298 962 392 ae'

348 521 383 600 4)
404 521 480 585 Zon.
504 519 533 583 8.
557 519 599 583 23
630 518 734 602 Scipio
764 517 861 583 Afric.
891 517 925 582 in
947 515 1067 600 proelio
1088 515 1131 580 ad
1152 514 1296 581 Ticinum
1322 517 1363 580 17

264 652 364 697 annos
385 637 480 697 natus
501 630 598 696 fuisse
627 631 743 697 dicitur
773 629 827 708 (of.
850 629 916 695 Pol.
943 629 991 693 10.
1014 629 1053 705 2·,
1088 627 1155 692 Liv.
1177 629 1241 694 iam
1263 627 1366 710 pube-

265 754 380 823 scens).
493 778 496 784 ·

349 855 384 938 5)
406 856 481 920 Zon.
504 855 534 921 8.
557 854 599 920 25
622 853 711 932 (189)
739 852 895 917 nonnulla
916 873 999 919 nova
1022 851 1114 919 affert
1136 854 1176 919 de
1198 853 1365 921 Hanniba-

264 966 305 1031 lis
333 967 446 1031 itinere
473 971 547 1049 post
573 985 711 1048 pugnam
739 963 781 1028 ad
809 961 829 1026 l.
854 963 1007 1041 Trasim,
1044 963 1258 1030 Hannibalem
1279 965 1367 1031 Nar-

265 1077 351 1140 niam
373 1097 473 1159 usque
494 1095 711 1159 progressum,
747 1074 847 1157 Naris
863 1081 993 1158 pontem
1015 1076 1170 1142 deiectum
1192 1077 1309 1144 vidisse
1329 1083 1366 1143 at

266 1187 381 1252 omisso
401 1186 545 1251 Romano
565 1186 679 1251 itinere
699 1186 733 1251 in
757 1185 965 1268 Campaniam
986 1208 1020 1252 se
1042 1191 1239 1256 convertisse.

351 1297 385 1373 6)
411 1298 487 1362 Zon.
510 1297 606 1361 8:26
633 1298 730 1382 (192)
762 1297 974 1363 Hannibalem
1008 1288 1118 1365 literis'
1141 1301 1184 1366 ad
1218 1308 1364 1367 senatum

266 1409 369 1473 missis
388 1407 503 1490 quibus
525 1407 678 1473 similium
700 1407 901 1491 implorasset
922 1408 964 1473 ab
985 1409 1041 1475 illo
1063 1412 1224 1495 repulsum
1246 1433 1322 1477 essa.

354 1521 387 1603 7)
409 1521 485 1585 Zon.
509 1521 538 1584 8.
561 1522 603 1585 26
627 1531 671 1605 (p.
697 1520 770 1601 193)
800 1521 961 1586 Romanos
990 1523 1142 1605 pecuniae
1170 1523 1280 1607 inopia
1309 1543 1363 1587 co·

265 1639 355 1700 actos
382 1639 565 1717 argenteum
596 1655 758 1718 nummum
790 1635 893 1719 primo
924 1636 1153 1721 impermistum
1186 1641 1218 1701 et
1246 1657 1364 1720 purum

267 1765 339 1810 aere
361 1743 497 1809 admisto
518 1744 724 1811 adulterasse.

353 1857 386 1939 8)
408 1857 441 1921 Z.
465 1858 495 1921 9.
521 1857 538 1920 1
562 1862 605 1942 (p.
632 1857 706 1936 195)
738 1857 793 1922 On.
817 1857 993 1941 Scipionem
1020 1859 1054 1922 in
1082 1859 1189 1925 navali
1214 1859 1257 1924 ad
1278 1858 1364 1925 Iberi

268 1966 350 2031 ostia
370 1965 491 2052 proelio
512 1967 640 2031 navium
656 1966 728 2032 vela
749 1967 920 2032 resonuisse
941 1972 978 2032 ut
999 1967 1135 2034 Romani
1156 1968 1293 2035 alacrius
1315 1970 1365 2035 di-

268 2079 431 2141 micarent.

353 2186 386 2265 9)
407 2187 441 2251 Ζ.
464 2188 494 2251 9.
519 2189 535 2250 1
560 2195 602 2271 (p.
627 2186 700 2265 196)
730 2187 853 2253 cladem
881 2188 1080 2255 Cannensem
1102 2190 1263 2275 Sibyllinis
1291 2210 1365 2255 ora-

267 2298 348 2363 culis
375 2297 538 2380 Marcique
565 2298 648 2363 vatis
677 2297 870 2364 divinatione
901 2300 1096 2382 praedictam
1125 2320 1193 2366 esse
1223 2303 1366 2387 (Διομη-

268 2408 355 2474 δεῖον
375 2403 493 2473 πεδίον
514 2407 553 2473 cf.
575 2409 646 2475 Dio.
670 2408 692 2473 f.
714 2410 744 2473 2.
768 2410 798 2488 3,
820 2410 914 2475 Diod.
938 2412 989 2475 25.
1012 2411 1078 2492 24).

354 2520 406 2592 10)
427 2520 460 2584 Ζ.
483 2520 513 2584 9.
537 2520 554 2584 1
578 2526 621 2602 (p.
649 2519 720 2599 198)
751 2521 964 2587 Hannibalem
991 2545 1051 2607 pro
1076 2546 1183 2609 pugna
1204 2524 1365 2591 Cannensi

268 2633 434 2698 commissa
455 2654 566 2715 agrum
588 2637 699 2697 aratro
718 2634 907 2716 proscidisse
932 2640 969 2700 ut
993 2636 1028 2699 in
1048 2656 1156 2719 pugna
1177 2635 1280 2718 pulvis
1300 2634 1364 2700 tol-

268 2744 387 2831 leretur
407 2749 440 2808 et
461 2762 623 2807 caesorum
645 2742 800 2809 cadavera
820 2765 917 2828 supra
943 2745 978 2809 in
1006 2743 1135 2810 fluvium
1163 2746 1306 2811 iniecisse
1327 2750 1366 2809 ut

268 2875 290 2920 a
310 2859 388 2940 potu
408 2853 618 2919 abhorrerent
637 2853 780 2917 Romani.

358 2969 410 3047 11)
433 2967 466 3031 Ζ.
482 2967 512 3030 9.
535 2966 555 3029 2
577 2974 621 3051 (p.
636 2967 714 3047 201)
736 2966 895 3031 Romanos
917 2965 1039 3049 legatos
1059 2967 1093 3031 in
1115 2967 1281 3033 Graeciam
1305 2970 1366 3034 mi-

269 3081 346 3146 sisse
368 3079 488 3146 auxilia
507 3077 559 3174 rel
577 3068 789 3163 imperaturos
811 3079 861 3145 vel
882 3080 1024 3146 mercede
1046 3080 1267 3147 conducturos.

356 3393 470 3459 Omnia
491 3378 570 3457 haec
591 3392 826 3472 additamenta,
863 3414 996 3476 quorum
1023 3352 1286 3462 numerusfacile
1307 3419 1367 3462 au-

203 3595 205 3599 ,
271 3505 338 3587 geri
358 3509 482 3587 potest2
499 3502 542 3567 ad
562 3503 725 3567 annalium
749 3504 934 3587 scriptorem
957 3507 1133 3589 pertinent;
1155 3507 1188 3571 id
1210 3530 1283 3573 vero
1305 3529 1366 3593 pro

272 3623 359 3683 certo
389 3615 541 3682 habemus
570 3616 692 3681 Livium
722 3617 810 3682 nullo
839 3617 933 3683 modo
961 3639 981 3683 a
1010 3619 1044 3682 O.
1066 3618 1168 3684 Dione
1188 3621 1366 3705 inspectum

272 3748 349 3794 esse.

358 3839 470 3921 ltaque
491 3839 597 3904 statim
619 3839 653 3903 in
676 3839 935 3923 disceptationem
956 3860 1110 3919 vocemus,
1133 3840 1247 3922 quibus
1268 3840 1366 3907 fonti·

273 3952 332 4017 bus
359 3972 435 4016 usus
465 3951 506 4016 sit
537 3949 570 4015 C.
600 3951 669 4017 Dio.
728 3951 765 4015 In
794 3951 973 4034 primordiis
1002 3952 1121 4015 Romae
1149 3950 1364 4017 describendis
1452 4014 1455 4021 .

274 4060 410 4126 Folium
430 4061 566 4131 fortasse
586 4062 790 4147 praecipuum
811 4062 931 4137 iontem
952 4063 1102 4147 sequitur.
