3038 4736
706 283 755 357 43

463 620 535 705 VI.
595 608 815 705 Cornelius
842 621 999 734 Nepos.

266 839 304 905 In
325 840 398 905 vitis
420 839 611 905 Hamilcaris
632 840 884 925 Hannibalisque
907 842 1093 909 enarrandis
1114 842 1279 921 nonnulla,

182 973 263 1035 quae
291 951 332 1016 ab
361 950 425 1015 alia
454 951 626 1016 traditione
655 951 845 1032 abhorrent,
880 954 1060 1019 accuratius
1087 975 1279 1037 quamquam

182 1064 422 1147 perbrevissime
442 1063 562 1128 tradita
583 1064 775 1130 invenimus:

270 1178 302 1257 1)
323 1175 413 1241 Ham.
433 1175 454 1237 4
476 1175 689 1241 Hamilcarem
710 1177 743 1241 in
765 1198 873 1261 pugna
895 1184 1008 1244 contra
1029 1180 1172 1243 Vettones
1194 1200 1280 1245 com·

182 1289 279 1354 missa
301 1309 427 1354 caesum
449 1308 524 1353 esse.

268 1402 303 1485 2)
326 1401 431 1465 Hann.
464 1399 484 1463 3
521 1398 734 1465 Hannibalem
766 1400 824 1466 sub
859 1400 1058 1469 Hasdrubale
1088 1404 1280 1489 imperatore

183 1513 339 1595 equitatui
358 1511 541 1596 praefuisse,
563 1519 636 1595 post
657 1513 723 1577 eius
747 1519 881 1579 mortem
895 1515 1118 1598 imperatorem
1133 1517 1175 1582 ab
1190 1539 1280 1583 exer·

183 1625 248 1691 citu
271 1624 391 1690 factum
412 1623 538 1707 publice
560 1624 801 1708 comprobatum
823 1625 960 1691 triennio
982 1627 1084 1692 omnis
1107 1627 1280 1711 Hispaniae

183 1741 291 1820 gentes
315 1734 399 1800 bello
421 1733 589 1817 subegisse.

270 1847 305 1928 3)
327 1846 425 1930 Alpes
451 1846 571 1910 Graias
591 1845 766 1924 transiisse,

269 1960 304 2038 4)
328 1980 399 2025 oum
421 1944 567 2041 Scipione
595 1957 743 2021 Clastidii
770 1956 855 2040 apud
882 1956 1005 2023 Padum
1030 1979 1188 2044 pugnasse
1210 1981 1282 2026 sau·

39 2128 41 2139 ,
95 2062 100 2067 ’
184 2073 330 2155 oiumque
349 2093 420 2137 eum
443 2071 607 2149 dimisisse,

267 2185 301 2260 5)
330 2185 420 2269 gravi
449 2183 612 2249 oculorum
643 2181 753 2247 morbo
780 2179 946 2261 affectum,
981 2188 1018 2246 ut
1039 2189 1150 2267 postea
1171 2184 1279 2281 dextro

185 2315 341 2378 nusquam
360 2286 461 2376 aeque
481 2292 561 2358 bene
582 2313 658 2358 usus
681 2292 732 2370 sit,
753 2290 924 2373 lecticaque
942 2294 1022 2372 (non
1043 2299 1080 2358 ut
1100 2293 1165 2358 Liv.
1182 2293 1234 2358 22.
1250 2293 1281 2372 3,

184 2404 292 2490 Polyb.
314 2426 378 2470 uno
401 2404 583 2487 elephanto)
605 2404 737 2486 paludes
759 2408 973 2469 transvectum
995 2424 1062 2469 esse
1069 2430 1078 2483 3

271 2514 305 2590 6)
334 2512 469 2595 denique
498 2512 687 2579 Hannibalis
716 2514 777 2578 iter
804 2513 839 2578 in
861 2513 1067 2597 Campaniam
1095 2513 1282 2598 fallacisque

185 2624 309 2690 consilii
329 2631 518 2708 apparatum
540 2623 673 2690 bovibus
693 2626 728 2688 in
749 2624 866 2690 saltum
888 2624 1046 2708 instigatis
1067 2646 1095 2689 a.
1119 2622 1182 2688 215
1209 2631 1282 2709 post

185 2758 324 2821 pugnarn
352 2736 550 2801 Cannensem
582 2736 834 2820 Hannibalisque
862 2737 1038 2802 Romanum
1069 2736 1130 2802 iter
1162 2736 1282 2802 factum

185 2867 253 2912 esse
273 2850 403 2923 narrat,
425 2846 522 2911 ceteri
543 2868 572 2912 a.
596 2846 668 2910 217.

269 3065 302 3131 C.
324 3064 430 3148 Nepos
452 3086 477 3130 c.
504 3063 544 3127 13
564 3085 594 3128 v.
617 3063 722 3128 Hann.
745 3062 885 3129 Silenum
906 3060 1104 3144 Sosilumque
1124 3061 1283 3128 Lacedae-

186 3178 326 3245 monium
347 3184 458 3256 vocat,
494 3175 550 3259 qui
577 3176 612 3240 in
638 3173 828 3241 Hannibalis
855 3174 967 3239 castris
987 3173 1134 3239 vixerunt
1154 3173 1283 3259 eiusque

186 3311 237 3355 res
258 3294 364 3373 gestas
385 3288 557 3354 memoriae
578 3287 789 3354 tradiderunt.
1091 3267 1095 3272 ⁴

272 3400 421 3464 Fortasse
450 3421 490 3465 ex
516 3401 555 3466 iis
573 3399 616 3465 Ὀ.
647 3399 751 3486 Nepos
782 3420 840 3464 sua
868 3399 992 3478 hausit,
1028 3420 1100 3464 oum
1128 3397 1282 3467 nonnulla

186 3512 287 3578 multo
309 3511 489 3577 accuratius
512 3512 709 3577 adsentiente
729 3509 861 3595 Polybio
882 3509 936 3594 (cf.
952 3510 1051 3591 2-3)
1073 3509 1228 3590 traderet,
1249 3515 1282 3579 et

186 3622 345 3690 interdum
373 3628 498 3689 tantum
530 3623 709 3690 inconsulte
730 3623 764 3688 in
784 3622 878 3688 rebus
900 3621 1084 3688 enarrandis
1104 3627 1282 3706 temporum

187 3734 343 3801 rationem
364 3735 510 3819 neglexit.
603 3828 605 3833 Ι

612 3949 816 3963 ...-.--.----
