3038 4736
706 297 817 406 ,14

327 495 423 562 Nullo
444 497 515 564 loco
531 497 695 583 Polybium
716 498 847 565 nomina
868 500 1068 583 scriptorum,
1080 521 1170 584 -quos
1187 501 1340 583 sequitur,

242 607 385 692 proferre
406 609 557 689 vidimus,
589 609 644 675 sed
666 614 791 676 tantum
812 630 866 676 eos
888 613 1084 697 συγγραφεῖς
1104 617 1161 676 aut
1181 607 1340 698 yeyququi-

187 766 190 769 -
241 743 302 799 τας
323 728 383 788 etc.
405 741 598 806 nuncupare.

327 833 427 899 Paulo
449 833 630 918 diligentius
650 834 685 899 in
706 834 790 900 hanc
811 835 852 900 de
870 833 993 919 Polybii
1013 834 1156 900 fontibus
1178 834 1339 916 quaestio-

242 965 315 1010 nem
335 944 568 1028 inquisivimus,
590 934 827 1026 quia‘nondum
850 944 927 1009 satis
948 944 1090 1010 exhibita
1111 944 1246 1009 multum
1268 965 1338 1010 meo

243 1055 369 1138 quidem
389 1056 505 1121 iudicio
526 1055 567 1121 ad
587 1062 706 1121 rectam
721 1057 814 1123 huius
836 1056 997 1139 scriptoris
1013 1054 1221 1138 cognitionem
1236 1052 1337 1118 affert.

329 1167 467 1233 Consilio
488 1167 570 1233 forte
592 1166 768 1261 legentibus
789 1167 970 1233 traditionis
992 1166 1145 1249 originem
1160 1164 1339 1230 dissimula-

243 1275 314 1354 bat,
342 1278 418 1359 quia
437 1277 505 1361 ipse
527 1277 646 1360 primus
667 1277 834 1343 historiam
854 1277 1060 1343 universalem
1084 1277 1220 1342 scribere
1241 1283 1338 1359 atque
1473 1274 1498 1313 ·“

243 1405 350 1450 omnes
372 1385 453 1452 alios
475 1387 654 1469 scriptores,
676 1388 731 1468 qui
752 1386 947 1471 singularum
969 1392 1127 1452 terrarum
1141 1391 1334 1470 temporum-

244 1516 305 1579 que
327 1496 492 1564 historiam
515 1499 683 1564 memorias
703 1499 914 1593 tradiderunt,
935 1499 969 1564 in
990 1520 1089 1565 unum
1109 1497 1257 1582 colligere
1271 1502 1338 1561 stu·

243 1607 348 1674 debat.
1203 1665 1206 1671 .

328 1717 411 1784 Dum
439 1719 609 1802 scriptores
637 1725 763 1786 tantum
790 1720 968 1800 Philinum,
1003 1719 1155 1798 Fabium,
1192 1719 1336 1800 Aratum,

242 1826 466 1912 Phylarchum,
487 1828 654 1909 Zenonem,
675 1830 895 1895 Antisthenem
917 1836 953 1895 ut
974 1828 1084 1894 laudet
1101 1833 1159 1894 aut
1171 1829 1338 1912 vituperet,
1464 1830 1466 1833 ’

242 1940 402 2021 nominat,
437 1961 508 2006 eum
529 1945 638 2007 tamen
659 1942 740 2007 alios
763 1961 888 2025 quoque
910 1946 1052 2006 secutum
1073 1960 1141 2006 esse
1162 1939 1239 2004 satis
1259 1959 1337 2004 oon-

242 2055 324 2132 stat,
355 2051 411 2134 qui
438 2051 624 2135 plerumque
652 2059 760 2121 tamen
790 2053 948 2120 nominari
978 2057 1147 2135 nequeunt.
1190 2050 1228 2116 In
1254 2051 1336 2115 libro

243 2163 338 2228 tertio
361 2162 508 2249 Polybius
535 2170 662 2247 praeter
688 2166 818 2232 titulum
839 2167 873 2231 in
894 2165 1025 2231 Iunonis
1046 2164 1196 2229 Laciniae
1217 2163 1336 2247 templo

241 2273 433 2358 insculptum
454 2275 621 2357 quinquies
647 2274 752 2341 fontes
778 2295 852 2342 suos
877 2275 989 2341 laudat
1016 2275 1066 2340 bis
1088 2274 1222 2340 Fabium
1243 2295 1336 2356 quem

242 2385 377 2464 refutat,
408 2386 457 2452 bis
480 2386 755 2472 Carthaginienses
776 2388 964 2466 relationes,
999 2408 1079 2471 quas
1101 2407 1134 2452 se
1154 2392 1336 2452 secuturum

242 2517 311 2562 essa
331 2497 509 2581 pollicetur,
531 2497 590 2577 bis,
620 2503 656 2565 ut
676 2497 812 2584 vidimus
833 2497 981 2581 aequales
1002 2497 1069 2562 eius
1090 2496 1166 2562 belli
1186 2497 1220 2561 in
1241 2497 1335 2563 rebus

241 2610 337 2693 gestis
356 2610 435 2694 ipsis
456 2609 650 2676 enarrandis.
692 2609 805 2693 Itaque
825 2611 985 2676 Romanas
1005 2630 1043 2676 ac
1060 2608 1336 2693 Carthaginienses
1385 2656 1388 2675 1

242 2721 410 2788 relationes
430 2727 467 2787 ut
488 2721 570 2787 libro
591 2722 694 2807 primo
716 2743 791 2806 ergo
812 2722 873 2787 hoc
893 2722 975 2788 libro
997 2743 1123 2806 quoque
1142 2724 1334 2807 permiscuit.

325 2834 354 2898 E
375 2833 627 2918 Carthaginiensi
647 2834 801 2900 relatione
822 2840 907 2900 certe
929 2834 1104 2919 descripsit:

328 2946 371 3028 1)-
391 2945 432 3011 ab
464 2944 643 3011 Hannibale
673 2950 837 3029 susceptas
869 2946 1083 3030 expeditiones
1117 2949 1152 3012 in
1181 2948 1335 3032 Hispania

240 3055 415 3123 aestatibus
435 3076 592 3139 annorum
612 3058 674 3122 221
697 3064 730 3123 et
750 3058 831 3138 220,
865 3059 922 3124 ubi
942 3062 1111 3143 praecipue
1131 3061 1256 3127 urbium
1277 3083 1336 3128 no·-

239 3168 327 3234 mina
348 3169 508 3234 Graecum
527 3169 648 3235 iontem
669 3170 841 3236 ostendunt
862 3171 985 3257 (Polyb.
1008 3164 1172 3254 Ἀλθαία,
1199 3166 1335 3260 Ἀρβου-

240 3277 340 3366 κάλη,
361 3273 568 3368 ’El-pomasi,
598 3281 665 3348 Lis.
686 3282 832 3361 Cartala,
854 3283 1031 3363 Arbocala,
1053 3285 1281 3373 Hermandica)
1302 3295 1336 3354 et

240 3388 429 3455 Hannibalis
450 3388 484 3453 in
504 3388 544 3453 iis
565 3390 783 3473 expugnandis
805 3392 935 3457 consilia
959 3395 1039 3472 (Pol.
1061 3394 1090 3459 3.
1116 3396 1278 3477 14-15);.

326 3500 361 3582 2)
382 3499 559 3566 Romanam
579 3501 768 3585 legationem
781 3503 814 3567 in
829 3503 1018 3571 Hannibalis
1040 3511 1153 3573 castris
1174 3509 1209 3575 in
1228 3506 1334 3576 hieme

239 3611 346 3690 asoa,
369 3611 451 3696 (Pol.
474 3611 502 3675 3.
528 3611 582 3693 15)
604 3614 746 3694 missam,
775 3635 856 3698 quae
877 3617 963 3701 apud
983 3619 1049 3685 Liv.
1072 3620 1138 3700 (21.
1163 3620 1208 3704 9.)
1231 3621 1334 3687 diver-

239 3740 309 3786 sum
330 3721 365 3784 in
387 3720 515 3786 modum
535 3727 693 3790 narratrm.

229 3854 235 3861 ’
324 3831 360 3917 3)
388 3831 435 3915 (Ρ.
458 3831 487 3896 3.
512 3832 565 3910 17)
594 3853 722 3914 sarisas,
754 3855 836 3917 quae
857 3836 1068 3904 Hannibalem
1094 3837 1137 3903 ad
1158 3837 1334 3922 Saguntum

238 3942 482 4026 expugnandum
517 3950 662 4025 movent,
704 3946 792 4013 urbis
827 3951 1091 4034 expugnationem
1127 3957 1159 4018 et
1194 3953 1334 4037 praedae

238 4053 497 4138 dispertitionem.
1351 4072 1357 4081 ’
