3038 4736
679 301 753 419 aa

337 597 409 680 IV.
469 552 553 680 Dio
584 597 756 683 Cassius
787 611 829 684 et
858 602 1055 684 Zonaras

238 789 395 853 Zonaram
411 787 511 854 Cassii
525 788 636 854 Dionis
651 789 827 855 Romanam
848 791 1013 857 historiam
1034 791 1160 858 brevius
1177 813 1253 857 con-

30 976 31 983 *
150 900 313 983 scripsisse
332 906 444 964 notum
465 906 522 965 est.
567 899 732 967 Niebuhrii
754 904 910 967 sententia
933 902 967 969 C.
992 903 1126 969 Dionem
1149 925 1166 969 e
1188 903 1252 969 Fa·

150 1011 204 1076 bio
220 1010 344 1076 Pictore
366 1010 509 1076 hausisse
530 1011 672 1076 nondum
694 1013 831 1097 probata
853 1013 908 1079 sed
923 1013 1031 1080 multis
1052 1015 1086 1079 in
1105 1014 1193 1093 locis,
1216 1021 1253 1080 ut

59 1162 69 1168 ⁴·
119 1209 121 1213 .
149 1124 324 1189 videbimus
345 1124 521 1190 verisimilis
543 1131 601 1190 est.
647 1126 781 1192 Dionem
812 1148 942 1210 prorsus
973 1149 990 1192 e
1017 1127 1105 1193 Livio
1135 1112 1253 1211 depen'·

30 1324 31 1327 Ἴ
151 1234 242 1314 dere,
277 1241 314 1300 ut
340 1234 453 1300 Nissen
483 1236 517 1300 in
547 1237 657 1316 rebus,
696 1256 777 1318 quae
798 1237 842 1303 lV
866 1242 897 1302 et
917 1238 944 1303 V
967 1237 1080 1303 decadi
1102 1238 1251 1303 Livianae

151 1347 411 1430 correspondent,
432 1368 453 1411 a
474 1347 575 1413 Dione
596 1349 733 1414 narratis
756 1350 929 1428 existimat,
952 1349 1036 1415 hanc
1057 1352 1246 1416 sententiam

30 1528 31 1531 ,
150 1458 267 1523 inillis
289 1457 433 1540 partibus
455 1458 476 1521 l.
496 1457 588 1538 7-9,
610 1480 691 1540 qnae
714 1459 761 1523 111
782 1460 893 1526 decadi
914 1461 1004 1527 libris
1024 1460 1099 1538 XXI
1116 1466 1148 1526 et
1161 1461 1251 1525 XXII

150 1570 318 1653 praecipue
339 1564 603 1651 correspondent,
636 1569 826 1635 reiciendum
849 1592 916 1636 esse
939 1591 1060 1636 censeo.
1111 1571 1252 1637 Primum

150 1678 273 1744 Livium
295 1683 327 1743 et
349 1679 512 1762 Polybium
533 1679 644 1744 Dionis
666 1680 769 1745 fontes
791 1701 855 1745 non
876 1681 974 1746 fuisse
996 1681 1169 1748 rideamus.

237 1790 400 1875 Polybium
422 1791 533 1856 Dionis
554 1790 674 1855 fontem
696 1790 792 1856 fuisse
813 1814 905 1858 nemo
927 1793 1024 1874 dixit,
1054 1797 1110 1861 sed
1133 1796 1167 1860 C.
1192 1797 1251 1863 Pe-

150 1904 211 1967 teri
233 1923 357 1985 quoque
378 1903 569 1968 sententiam
589 1902 723 1969 Dionem
745 1902 885 1969 Silenum
908 1907 1014 1989 sequi,
1043 1929 1139 1990 quam
1161 1909 1251 1975 nullo

150 2014 339 2081 documento
360 2016 447 2079 nisus
468 2014 617 2104 protth,
641 2015 759 2097 optimo
779 2016 848 2081 iure
869 2019 987 2083 reicere
1010 2039 1185 2101 possumus.
1253 2014 1257 2023 ’

235 2126 272 2188 ln
292 2125 379 2190 brevi
400 2126 542 2191 Zonarae
570 2126 755 2191 narratione
787 2128 887 2193 multa
916 2135 947 2194 et
977 2128 1197 2195 additamenta
1218 2135 1254 2195 et

150 2235 340 2301 variationes
361 2235 510 2300 Livianae
531 2234 722 2314 traditionis,
745 2257 826 2318 quae
848 2237 889 2302 ad
912 2242 1032 2303 veteres
1053 2238 1156 2304 fontes
1179 2246 1252 2305 tan·

150 2352 219 2411 tum
240 2346 406 2430 pertinent
426 2346 641 2429 reperiuntur:

241 2460 273 2544 1)
294 2459 370 2524 Zon.
394 2459 422 2522 8.
447 2459 489 2523 22
511 2461 555 2542 (p.
579 2458 737 2540 tle-80)
761 2456 821 2525 Dio
844 2458 878 2523 C.
901 2459 938 2524 fr.
962 2460 1014 2524 55.
1037 2460 1121 2524 2-8
1144 2461 1251 2541 verba,
1290 2538 1293 2543 ,

152 2590 234 2653 qnae
260 2571 294 2635 in
319 2576 430 2637 senatu
453 2571 597 2636 Romano
620 2578 692 2657 post
714 2572 890 2657 Saguntum
913 2574 1051 2639 excisum
1073 2571 1109 2636 L.
1133 2572 1250 2639 Corne-

152 2681 214 2746 hus
239 2681 391 2748 Lentulus
420 2703 479 2767 pro
507 2683 592 2748 bello
622 2682 776 2766 gerendo,
808 2683 926 2748 Fabius
947 2705 1006 2768 pro
1028 2684 1140 2767 legatis
1161 2685 1249 2767 prius

152 2793 313 2858 mittendis
336 2793 432 2871 dixit,
469 2813 551 2876 quae
572 2792 639 2858 Pol.
663 2793 691 2856 3.
718 2794 758 2857 10
786 2813 912 2876 qnoque
942 2794 1122 2861 eFabiana
1150 2795 1250 2860 tradi-

150 2905 238 2969 tione
258 2912 412 2971 memorat
433 2899 503 2986 „eie
525 2900 662 2992 ἑκάτερα
683 2904 845 2992 ῥηθέντας
866 2901 1012 2990 λόγουςῑί.

238 3017 324 3095 Quae
345 3017 442 3083 verba
464 3017 498 3081 C.
514 3018 659 3083 Peterum
684 3024 858 3097 moverunt,
880 3024 916 3084 ut
931 3024 1030 3083 totam
1047 3017 1158 3084 Dionis
1173 3039 1249 3084 nar-

151 3129 306 3195 rationem
328 3131 363 3195 in
384 3128 660 3214 Carthaginienses
687 3129 790 3196 fontes
817 3130 967 3209 referret3
1006 3129 1060 3195 sed
1083 3129 1248 3215 Polybium

150 3261 217 3306 non
248 3242 283 3306 in
311 3242 485 3308 Chaeream
516 3242 723 3326 Sosylumque
756 3241 811 3306 sed
842 3242 877 3306 in
907 3241 1041 3307 Fabium
1071 3241 1248 3307 Romanum

151 3352 337 3434 scriptorem
370 3352 473 3418 verbis
494 3347 608 3433 ’,,ὲ’νιοι
636 3356 701 3417 τῶν
730 3351 961 3440 συγγραφέων(
991 3354 1054 3435 (20.
1080 3357 1110 3433 1)
1142 3353 1248 3421 invehi

140 3444 248 3542 ¹supra
269 3459 412 3526 vidimus.
457 3460 497 3525 cf.
521 3483 552 3545 p.
574 3463 606 3527 9.

238 3571 271 3645 2)
293 3571 368 3635 Zon.
393 3570 422 3635 8.
446 3571 487 3635 21
518 3553 574 3656 (p.¹
589 3572 664 3651 176)
697 3572 909 3637 Hannibalem
938 3577 1011 3657 post
1039 3571 1248 3640 Hasdrubalis
1319 3592 1321 3597 ⁴

147 3685 284 3771 mortem
306 3680 348 3745 26
369 3701 471 3747 annos
492 3688 603 3747 natum
624 3683 721 3748 fuisse
742 3683 821 3749 dicit
841 3683 894 3768 (cf.
918 3681 1009 3746 Diod.
1032 3682 1084 3745 25.
1108 3681 1174 3755 24).

236 3791 271 3866 3)
292 3791 368 3856 Zon.
391 3790 420 3853 8.
443 3791 486 3856 22
503 3797 544 3876 (p.
563 3790 639 3870 180)
663 3792 796 3857 consilia
817 3790 857 3855 de
878 3789 962 3854 bello
984 3787 1121 3872 gerendo
1141 3789 1176 3853 in
1198 3810 1247 3855 se-

150 3904 230 3964 natu
251 3897 557 3983 Carthaginiensium
578 3901 677 3981 inita,
709 3899 765 3965 ubi
785 3900 861 3964 Zon.
883 3897 985 3963 multo
1005 3897 1105 3962 fusius
1126 3901 1247 3983 praeci·
1270 3986 1274 3991 ,

30 4042 31 4047 1
83 4074 92 4085 ‚
149 4032 213 4096 pue
234 4010 465 4077 Hasdrubalem
493 4034 551 4097 pro
578 4011 663 4077 bello
691 4012 845 4095 gerendo,
882 4010 1069 4076 Hannonem
1090 4031 1149 4095 pro
1168 4034 1246 4098 pace

30 4192 32 4195 .
149 4123 298 4190 habenda
308 4124 434 4204 dixisse,
454 4131 614 4209 postremo
626 4123 668 4189 M.
679 4124 814 4190 Fabium
824 4123 942 4191 bellum
955 4121 1116 4203 indixisse,
1137 4126 1244 4191 tradit.

1000 4268 1017 4319 e
