3038 4736
761 356 812 429 50

236 567 361 646 Livius3
382 585 611 647 nonnunquam
631 566 739 629 tamen
753 559 876 625 Livium
894 558 929 622 in
948 556 1043 624 rebus
1064 555 1188 622 bellicis
1208 574 1333 639 quoque

236 678 422 745 enarrandis
444 677 607 744 Valerium
628 675 789 740 Antiatem
814 676 955 737 secutum
978 689 1045 735 esse
1066 670 1174 753 itaque
1193 670 1228 736 in
1248 690 1334 736 erro-

233 811 285 858 res
305 796 402 875 atque
422 791 505 861 inter
525 810 559 855 se
579 785 757 874 pugnantia
779 782 928 850 incidisse
949 780 1136 848 videbimus.

688 1137 737 1220 L.
766 1135 887 1223 XXI.

709 1297 736 1343 ο.
755 1277 869 1341 1-16.

215 1474 426 1557 'Exordia
453 1475 555 1557 belli
580 1483 829 1556 enarrantur
857 1500 992 1585 usque
1016 1473 1071 1554 ad
1095 1470 1335 1582 Saguntum

595 1616 782 1696 excisum
814 1642 850 1698 a.
882 1616 978 1702 219.

679 1860 704 1926 Ι.
749 1881 775 1926 c.
801 1859 893 1925 1-6.

324 2001 473 2066 Iuventus
496 2006 528 2066 et
547 1998 670 2066 indoles
692 1997 882 2064 Hannibalis
891 2024 900 2077 ;
922 1998 1043 2080 primae
1057 1994 1100 2061 ab
1114 2015 1151 2061 eo
1166 2016 1217 2061 res
1232 1999 1338 2078 gestae

239 2116 274 2181 in
295 2114 449 2197 Hispania
470 2133 570 2194 usque
592 2111 635 2178 ad
655 2110 788 2195 Sagunti
810 2111 1085 2194 expugnationem.

324 2226 372 2291 De
394 2224 469 2290 belli
490 2224 601 2290 Punici
622 2223 753 2289 secundi
774 2222 992 2306 magnitudine
1013 2220 1121 2286 Livius
1143 2226 1177 2287 et
1197 2220 1338 2319 Zonaras

241 2340 451 2418 consentiunt,
474 2345 607 2420 uterque
629 2336 770 2403 Caelium
786 2340 828 2414 (Ρ)
853 2340 988 2401 secutus,

367 2451 434 2516 Liv.
457 2450 509 2516 21.
534 2452 551 2514 1
602 2449 642 2514 of.
666 2450 742 2515 Zon.
766 2448 796 2513 8.
819 2450 860 2513 21
884 2455 926 2531 (p.
954 2447 1038 2523 175).

239 2559 478 2637 Iusiurandum,
500 2558 586 2644 quod
607 2558 769 2624 Hannibal
790 2561 874 2643 patri
896 2559 993 2638 dedit,
1014 2558 1119 2624 verbis
1139 2557 1247 2638 „fama
1266 2560 1335 2622 cst“

240 2672 386 2738 traditur.
431 2670 479 2736 De
500 2691 564 2752 quo
585 2672 798 2751 iureiurando,
820 2677 856 2736 ut
876 2671 967 2738 video
989 2672 1011 2734 4
1029 2672 1217 2737 traditiones
1240 2670 1339 2735 habe·

241 2805 311 2850 mus
336 2784 368 2865 1)
390 2782 483 2847 Corn.
500 2781 578 2865 Nep.
602 2781 707 2847 Hann.
729 2782 759 2845 2.
780 2781 874 2860 3-5,
897 2783 930 2864 2)
953 2782 1020 2847 Pol.
1036 2783 1066 2847 3.
1087 2784 1133 2846 11.
1148 2782 1232 2848 5-9
1254 2787 1339 2846 uter·

242 2917 303 2979 que
325 2916 343 2960 e
365 2895 488 2970 Silen03
510 2894 544 2975 3)
567 2893 633 2959 Liv.
656 2894 707 2960 21.
733 2895 750 2957 1
774 2894 814 2960 cf.
832 2895 901 2960 Val.
915 2878 1001 2960 Max.
1019 2895 1049 2961 9.
1066 2894 1132 2959 23
1154 2900 1186 2961 et
1206 2875 1241 2975 4)
1263 2893 1337 2958 Zon.

243 3007 273 3073 a.
295 3007 347 3072 21.
371 3029 402 3090 p.
428 3006 489 3072 175
511 3005 666 3072 acauno.
1367 2988 1376 3005 '

327 3116 433 3181 Livius
462 3116 548 3181 solus
574 3115 786 3181 Hannibalem
812 3115 941 3182 vixdum
963 3116 1113 3200 puberem
1135 3117 1176 3183 ab
1197 3118 1341 3184 Hasdru-

242 3229 315 3296 bale
342 3230 442 3294 literis
470 3229 504 3293 in
533 3228 718 3312 Hispaniam
747 3229 885 3294 accitum
906 3250 973 3295 esse
995 3252 1124 3314 remque
1145 3238 1251 3298 actam
1272 3252 1341 3297 esse

243 3344 278 3408 in
299 3346 411 3405 senatu
432 3340 516 3405 inter
537 3339 706 3406 factionem
729 3341 898 3406 Barcinam
921 3346 1032 3423 (quam
1054 3342 1163 3428 Polyb.
1185 3363 1341 3426 nusquam

244 3456 412 3531 memorat)
434 3455 467 3515 et
489 3451 689 3534 optimatium
711 3452 822 3516 ducem
844 3452 1042 3519 Hannonem.
1094 3474 1098 3480 ·

330 3563 359 3628 Ε
380 3564 468 3629 Livio
490 3585 515 3629 c.
533 3564 555 3627 4
576 3584 604 3629 a.
620 3564 685 3628 224
706 3584 776 3628 cum
800 3565 963 3631 dimissum
985 3588 1052 3633 esse
1072 3567 1212 3633 videmus
1232 3568 1344 3648 (trien-

246 3673 300 3739 nio
322 3678 407 3753 etc).
451 3671 554 3739 Ceteri
582 3694 690 3739 omnes
719 3673 825 3757 (Diod.
848 3675 899 3739 25.
923 3676 963 3739 21
986 3682 1018 3740 et
1039 3676 1097 3754 24,
1133 3676 1209 3742 Zon.
1232 3677 1262 3743 8.
1286 3679 1342 3761 21)

247 3807 305 3870 per
332 3792 435 3851 totum
464 3785 545 3850 illud
573 3790 697 3870 tempus
725 3787 769 3851 ab
796 3809 825 3852 a.
849 3786 1017 3850 238-221
1041 3807 1112 3853 eum
1134 3788 1168 3852 in
1189 3788 1344 3873 Hispania

247 3895 404 3978 stipendia
436 3895 586 3974 meruisse
617 3903 752 3960 narrant
780 3895 834 3979 (cf.
858 3898 924 3962 Liv.
948 3897 999 3961 30.
1022 3895 1064 3960 30
1090 3903 1123 3962 et
1149 3897 1200 3962 30.
1224 3898 1276 3963 37.
1300 3899 1345 3981 9).

248 4007 389 4073 HCaelii
410 3996 485 4073 fr.4
506 4008 590 4073 hano
611 4010 826 4102 narrationem
848 4010 882 4074 in
905 4009 1046 4076 Caelium
1066 4010 1255 4077 reiciendum
1278 4033 1346 4078 esse

248 4121 390 4188 videmus
412 4119 465 4201 (cf.
488 4121 784 4189 perornaret
807 4146 838 4207 p.
863 4122 949 4205 148).
