3038 4736
679 339 728 412 35

241 540 272 618 1)
301 538 419 605 Fabius
446 538 486 604 fr.
515 538 537 602 4
566 538 685 620 (Peter)
717 539 757 605 cf.
790 541 850 607 Dio
881 542 915 608 G.
944 543 983 610 fr.
1005 545 1027 609 4
1047 545 1079 612 b.
1129 548 1253 614 Aeneae
1330 542 1334 549 ’

152 650 317 715 oraculum
337 649 379 714 ad
402 649 517 714 Albam
537 649 649 715 urbem
670 651 875 729 condendam.

240 761 274 840 2)
295 759 413 825 Fabius
433 758 510 824 108
533 758 572 824 01.
588 759 664 825 Zon.
690 758 719 825 7.
738 760 758 823 3
776 761 890 845 (012)
912 762 952 828 de
973 763 1126 849 Tarpeiae
1140 771 1251 832 morte.

240 874 275 953 3)
295 871 413 936 Fabius
433 870 473 935 fr,
492 870 546 933 11·
567 869 607 935 cf.
629 870 707 936 Zon.
733 870 762 934 7.
785 871 806 933 9
829 876 873 955 (p.
890 872 949 952 31)
970 876 1026 957 qui
1046 874 1251 958 Tarquinium

27 1058 28 1063 ἵ
154 983 332 1068 Superbum
359 1002 425 1046 000
452 984 599 1064 nepotem
631 979 686 1045 sed
714 979 815 1044 filium
841 979 1005 1064 Tarquinii
1026 983 1128 1050 Prisci
1155 984 1253 1050 fuisse

153 1100 295 1161 narrant.
330 1093 369 1159 cf.
385 1094 462 1158 Zon.
485 1088 562 1169 τοὺς
581 1094 641 1157 τοῦ
666 1086 844 1177 Ταρκυνίου
866 1092 993 1171 παῖδας
1014 1087 1250 1181 προύβάλλετο.

238 1208 273 1289 4)
294 1206 412 1271 Fabius
433 1204 470 1270 fr.
489 1204 544 1268 121>
567 1236 601 1261 =
623 1204 698 1268 Zon.
722 1204 750 1268 7.
779 1205 817 1266 11
841 1204 887 1288 (p.
906 1204 973 1290 38),
996 1204 1029 1270 G.
1052 1205 1113 1271 Dio
1135 1206 1173 1271 fr.
1200 1207 1250 1270 10.

25 1370 27 1413 5
155 1317 175 1382 8
202 1318 236 1382 10
262 1316 348 1382 Jovis
375 1315 494 1400 templo
516 1317 550 1380 iu
571 1320 678 1381 monte
699 1314 833 1400 Tarpeio
855 1315 1054 1382 aedificando
1075 1323 1171 1402 caput
1193 1319 1253 1385 hu-

25 1422 27 1497 l
153 1451 283 1495 manum
305 1420 517 1513 aperientibus
539 1427 749 1493 fundamenta
771 1429 882 1512 templi
903 1430 1089 1515 apparuisse
1101 1431 1252 1516 urbisque

25 1536 27 1635 ζ
153 1538 402 1624 magnitudinem
423 1537 631 1622 portendisse.

25 1648 27 1667 '
239 1652 276 1736 5)
297 1651 413 1717 Fabius
433 1650 529 1716 1011
566 1651 606 1717 cf.
627 1651 703 1715 Zon.
727 1650 756 1713 1.
777 1650 815 1713 11
832 1650 901 1733 (61)
925 1652 1131 1721 Coriolanum
1152 1676 1252 1738 usque

25 1788 27 1833 5
115 1844 119 1850 q
153 1759 196 1825 ad
224 1765 417 1824 senectutem
443 1758 664 1842 vixisseapud
686 1758 817 1824 Volscos
838 1766 973 1826 narrant
997 1763 1085 1841 (Zon.
1110 1761 1253 1853 1κεῖγο-

25 1914 27 1921 ,
173 1866 239 1935 άσα
273 1919 282 1938 .
852 1908 858 1916 r

25 1958 27 2043 ᾗ
153 1893 172 1957 ρ
239 1878 274 2062 di
296 1982 412 2048 Fabius
433 1981 454 2047 f.
478 1982 517 2046 19
541 1983 662 2062 (Peter)
688 2016 722 2041 =
745 1983 822 2048 Zon.
844 1982 873 2048 8.
900 1986 916 2047 1
941 1986 1080 2081 (0103)
1103 1987 1145 2053 de
1163 1988 1249 2055 bello

26 2170 27 2173 Ἴ
153 2115 183 2160 a
205 2094 270 2158 294
289 2094 324 2158 10
345 2094 474 2158 800010
494 2093 685 2176 Etruriaque
705 2098 804 2176 gesto.

241 2207 344 2285 Quare
356 2206 395 2271 H.
404 2206 497 2273 Peter
509 2207 570 2272 hoc
583 2207 654 2272 loco
666 2206 799 2271 Fabium
810 2227 882 2271 cum
890 2206 992 2272 Dione
1000 2206 1108 2274 Cassio
1116 2231 1251 2277 eonsen-

24 2394 26 2403 .
153 2317 214 2383 tire
228 2322 325 2400 negat
339 2316 369 2380 b.
385 2316 424 2381 R.
438 2339 465 2382 r.
481 2340 510 2402 p.
524 2317 575 2396 34,
596 2316 779 2399 intellegere
798 2336 863 2381 uon
883 2336 1057 2401 possumus.
1102 2319 1247 2404 Denique

24 2454 25 2461 ¹
249 2435 282 2513 1)
302 2434 420 2500 Fabius
441 2433 463 2498 f.
486 2430 528 2495 25
551 2430 632 2511 (Pol.
654 2428 684 2492 3.
707 2428 736 2493 8.
761 2428 811 2507 1),
833 2428 919 2510 quod
940 2429 1004 2494 iam
1025 2429 1068 2494 ad
1088 2429 1252 2498 Hanniba·

24 2544 26 2551 ’
154 2545 216 2613 100
238 2546 390 2630 pertinet,
418 2548 541 2628 egregie
561 2562 633 2609 cum
656 2540 691 2605 O.
714 2539 816 2605 Dione
837 2546 870 2605 et
889 2539 1014 2607 Zonera
1036 2543 1203 2608 consentit.

238 2775 391 2841 Barcidas
413 2773 604 2858 Cartbagine
625 2772 837 2858 principatum
857 2772 991 2856 petisse,
1024 2772 1249 2858 Carthaginem

24 2954 25 2957 ,
152 2887 188 2953 10
209 2888 298 2970 regni
318 2885 454 2952 formam
475 2885 616 2968 redigere
636 2890 784 2962 tentasse,
806 2901 941 2965 cumque
961 2883 995 2947 10
1017 2885 1125 2967 patrie
1143 2884 1178 2949 id
1198 2888 1251 2951 0οὲ

154 2999 243 3080 sequi
265 3019 329 3062 000
350 2997 541 3080 potuissent,
566 2995 601 3059 in
622 2994 777 3077 Hispania
797 2993 830 3057 id
851 2997 982 3058 conatos
1004 2994 1102 3059 luisse
1121 3000 1251 3076 narrat3

153 3107 363 3173 Hasdrubalis
383 3106 635 3187 Hannibalisque
656 3104 858 3170 ambitionem
884 3104 1101 3188 regnandique
1129 3108 1252 3192 cupidi·

153 3239 243 3297 nem,
265 3219 320 3299 qui
341 3219 375 3282 in
395 3216 490 3283 rebus
511 3215 684 3298 Hispaniae
704 3215 848 3297 gerendis
871 3213 1177 3298 Carthaginiensium
1199 3239 1252 3284 se-

153 3334 265 3407 natum
286 3347 351 3392 non
372 3332 551 3405 curassent,
572 3325 771 3409 gravissimas
793 3326 860 3390 eius
882 3325 958 3391 belli
980 3333 1092 3393 eontra
1114 3327 1252 3395 Cartha-

24 3512 25 3515 ,
153 3442 341 3527 3101000100
368 3439 562 3505 voluntatem
591 3438 672 3520 gesti
699 3458 811 3502 causas
840 3436 946 3503 fuisse.
989 3438 1117 3504 Ζο0.8.
1143 3441 1182 3504 18
1205 3449 1251 3526 (p.

24 3576 26 3585 ’
156 3552 233 3634 184)
256 3551 473 3632 Hamilcarem
500 3570 529 3614 a.
551 3548 613 3614 238
642 3549 677 3613 10
704 3548 889 3632 Hispaniam
914 3550 979 3614 iam
1005 3546 1098 3635 παρὰ
1123 3546 1252 3638 γνώμην

24 3724 25 3727 ,
153 3664 220 3728 τῶν
230 3652 329 3759 ὀἴκοι
349 3658 450 3724 τελῶν
469 3657 633 3723 transiisse
654 3657 763 3722 tradit

240 3770 279 3835 10
309 3774 412 3834 morte
440 3768 631 3834 Hamilcaris
663 3767 843 3833 enarranda
873 3767 920 3846 (Z.
944 3765 974 3830 8.
999 3768 1054 3847 19)
1085 3769 1249 3835 annalium

154 3882 340 3966 scriptorem
367 3881 515 3964 legimus,
550 3880 583 3944 in
608 3879 712 3944 verbis
739 3879 772 3943 Z.
797 3878 826 3943 8.
848 3878 888 3942 21
914 3884 961 3962 (p.
984 3877 1059 3956 115)
1090 3878 1192 3967 ἐπῆρε
1215 3879 1252 3946 δὲ

153 3996 272 4059 τοῦτον
299 3991 357 4058 τὸν
385 3988 532 4076 πόλεμον
559 3987 705 4076 μάλιστα
733 3986 751 4056 r‘
778 3984 931 4075 Ἀννίβας
958 3995 1164 4079 στραταρχο”ν
1184 3995 1251 4057 τᾶν

156 4106 258 4190 Καρχ.
281 4110 315 4169 et
335 4103 503 4188 praecipue
