3038 4736
781 314 831 387 26

346 515 369 612 i
390 516 433 583 24
460 517 585 584 brevem
606 538 635 607 a
661 517 772 584 Taetzc
799 517 962 584 inversus
983 517 1145 583 redactam
1167 518 1355 611 Hannibahs

260 628 359 695 vitam
380 650 398 696 e
419 629 558 696 Diodoro
579 650 619 695 ac
639 629 740 696 Dione
761 629 917 708 arnmot,
949 630 983 693 in
1010 649 1074 712 qua
1095 628 1186 695 Fabii
1212 630 1354 719 narratio

260 728 355 824 facile
374 742 593 825 cognoscenda
614 746 671 807 est.
713 740 805 807 Nova
825 741 864 806 fr.
888 762 1048 825 perpauca
1069 740 1162 806 affert
1185 743 1218 826 1)
1233 741 1355 807 Hamil-

261 853 343 945 caris
363 857 497 918 mortem
518 853 553 918 in
573 874 680 938 pugna
700 853 743 919 ad
764 853 889 920 iberum
912 847 1025 919 contra
1045 852 1153 919 Iberos
1181 853 1237 938 (cf.
1261 853 1353 920 Diod.

261 964 313 1031 25.
333 965 387 1050 14)
409 986 426 1032 e
445 964 699 1051 Carthaginiensi
720 968 882 1049 scriptore,
904 984 976 1032 curn
991 966 1126 1031 Romani
1140 966 1243 1033 fontes
1259 966 1355 1033 aliam

261 1079 373 1145 mortis
393 1078 608 1146 narrationem
630 1078 770 1144 habeant
792 1079 845 1159 (of.
867 1100 898 1162 p.
922 1079 987 1160 26).

265 1202 266 1208 ’
347 1192 381 1272 2)
404 1192 538 1258 duorum
559 1190 697 1257 filiorum
718 1190 907 1257 Hamilcaris
928 1194 1081 1271 aetatem,
1103 1191 1292 1258 Hannibalis
1316 1190 1356 1256 15

261 1323 362 1371 annos
383 1306 468 1384 nati,
489 1303 700 1370 Hasdrubalis
725 1304 779 1383 123
803 1303 960 1369 Diodorus
982 1308 1014 1369 et
1034 1304 1096 1369 Dio
1116 1303 1213 1387 igitur
1234 1304 1357 1369 Hamil-

184 1454 191 1469 κ
261 1438 366 1484 omem
386 1438 415 1483 a.
437 1415 499 1481 231
522 1421 689 1508 ⁴mortuum
717 1435 784 1481 esse
812 1420 961 1493 narrant,
999 1436 1070 1480 cum
1092 1414 1254 1511 Hannibal
1275 1414 1358 1480 Has-

262 1529 395 1596 drubale
415 1550 445 1595 a.
463 1528 525 1594 221
549 1534 674 1594 mortuo
696 1527 828 1612 imperio
850 1532 996 1610 suscepto
1017 1521 1159 1610 „pedraca
1180 1519 1286 1592 εἴκοσι
1306 1547 1357 1611 γε*

261 1638 395 1723 πιόμενος
415 1637 471 1704 καὶ
492 1637 615 1705 πέντεα
636 1638 678 1703 25
699 1658 800 1703 annos
821 1644 915 1704 natus
936 1638 1033 1704 fuisse
1055 1636 1189 1704 dicatur.

347 1750 383 1834 3)
410 1751 445 1815 in
465 1750 675 1817 Hasdrubalis
697 1750 802 1815 locum
823 1749 1035 1815 Hannibalem
1056 1751 1279 1833 imperatorem
1301 1769 1358 1832 ap-

262 1863 415 1947 pellatum
441 1884 508 1930 esse
534 1860 653 1949 „popa
675 1857 854 1950 συγκλήτου
875 1864 934 1949 τῆς
948 1844 1075 1946 Ιβουλῆς
1095 1860 1151 1928 καὶ
1172 1866 1237 1928 τῶν
1259 1856 1359 1943 ὕπερ-

261 1965 420 2054 εχόντων“
442 1973 541 2056 (quod
562 1972 629 2038 Pol.
653 1972 683 2036 3.
706 1973 727 2036 8
747 1972 867 2037 Fadius
888 1979 1057 2055 narraret).

345 2085 490 2170 Denique
519 2086 556 2153 fr.
586 2086 713 2154 brevem
742 2084 798 2152 sed
830 2092 1012 2171 corruptam
1040 2086 1118 2153 belli
1144 2086 1359 2152 narrationem

262 2196 412 2262 ecnumt

345 2308 381 2373 L.
404 2306 508 2373 XXVI
534 2307 639 2392 prima
666 2307 843 2392 fragmenta
864 2308 902 2374 de
924 2308 1019 2374 rebus
1040 2329 1060 2373 a
1081 2307 1237 2374 dictatore
1258 2307 1357 2373 Fabio

260 2418 356 2505 gestis
377 2440 481 2504 pauca
500 2418 648 2497 tradunt,
684 2418 736 2485 hic
765 2439 891 2503 quoquo
917 2418 1051 2486 Fabium
1077 2417 1210 2485 Diodori
1237 2418 1357 2484 iontem

261 2532 358 2599 fuisse
380 2531 474 2598 facile
492 2529 706 2612 intelligimus.
857 2540 862 2551 '

719 2786 922 2797 ς--ο--ι--ι

470 3138 474 3145 »
522 3172 524 3176 ,
628 3086 704 3169 ΙΠ.
764 3087 997 3196 Appianas.

308 3305 336 3367 l.
378 3295 411 3366 ’I
412 3296 561 3389 βηρική.

347 3434 372 3479 o
397 3411 482 3476 4-5
516 3411 634 3478 bellum
664 3406 972 3496 Carthaginiensium
1005 3418 1118 3485 contra
1147 3404 1358 3479 mercenarios

261 3529 384 3607 gestum
405 3526 541 3600 tractet,
576 3522 767 3588 Hamilcaris
795 3543 846 3587 res
873 3527 978 3604 gestes
999 3522 1033 3586 in
1054 3522 1208 3605 Hispania
1229 3524 1358 3606 eiusque

262 3640 396 3702 mortem
417 3634 581 3701 annalium
600 3635 805 3700 traditionem
827 3639 970 3715 secutus,
1004 3656 1100 3719 quarn
1121 3635 1208 3718 apud
1228 3637 1305 3702 Zon.
1328 3636 1357 3701 8.

205 3759 209 3765 ’
265 3747 305 3812 19
321 3747 367 3830 (p.
385 3744 461 3829 168)
484 3750 516 3811 et
536 3743 678 3809 Frontin.
700 3748 790 3810 stret.
815 3743 844 3809 2.
867 3744 897 3809 4.
921 3745 968 3837 17Υ
981 3746 1157 3811 invenimus
1177 3766 1197 3810 a
1218 3744 1358 3812 Diodoro

262 3858 503 3933 abhorrentem,
540 3855 596 3937 qui
623 3876 694 3920 eum
724 3856 758 3920 in
788 3855 898 3921 Hiberi
927 3856 1020 3922 undis
1042 3856 1171 3940 periisse
1194 3855 1305 3923 scribit
1324 3857 1360 3921 in

263 3970 348 4038 bello
377 3973 491 4034 contra
517 3967 681 4033 iberorum
710 3988 800 4054 reges
827 3974 916 4053 gesto
942 3968 1035 4051 apud¹
1057 3966 1152 4055 λευκὴ
1174 3959 1257 4053 dape
1279 3967 1358 4052 (hir.
1393 4009 1395 4013 -
1451 4036 1456 4045 ,

264 4083 315 4149 24.
336 4082 377 4147 41
401 4085 541 4148 castrum
562 4080 701 4161 Album).
1098 4078 1100 4081 ’
