3038 4736
686 288 734 360 47

245 493 282 576 9)
302 514 320 558 c
349 492 391 559 47
413 491 552 576 potiores
573 496 719 557 auctores
741 491 840 558 Caelii
860 490 1025 557 traditioni
1047 492 1178 576 profert,
1200 495 1257 575 qui

157 608 229 669 rate
248 601 523 685 Carthaginienses
550 597 668 667 flumen
694 605 913 684 transgressos,
939 621 1007 666 esse
1034 607 1168 666 narrant
1194 601 1257 685 (Si-

158 713 274 791 lenus).

244 825 311 891 Liv.
333 825 385 889 22.
431 824 486 907 10)
508 843 533 887 e.
553 823 571 885 7
593 822 684 888 Fabii
704 823 846 906 aequalis
868 824 964 889 huius
987 825 1120 891 belli-
1143 846 1255 908 „quem

157 938 355 1022 potissimum
376 941 537 1005 auctorem
558 935 676 1009 habui“
698 973 709 982 -
760 958 926 1003 numerum
944 938 984 1003 de
999 940 1095 1004 caede
1111 939 1256 1003 Romana

158 1050 194 1113 in
214 1048 304 1114 clade
325 1048 367 1113 ad
388 1047 408 1117 l.
424 1046 639 1113 Trasimenum
661 1048 828 1132 multiplici
849 1049 892 1114 ab
913 1049 985 1114 aliis
1007 1050 1145 1116 traditae
1167 1049 1257 1116 caedi

161 1161 299 1244 profert3

249 1270 302 1353 11)
325 1290 351 1333 c.
367 1268 409 1331 24
431 1268 559 1350 quidam
581 1273 727 1334 auctores
749 1266 867 1335 collata
888 1270 955 1334 acie
977 1275 1052 1335 anto
1067 1268 1257 1337 Gereonium

160 1379 342 1447 dimicatum
371 1398 454 1457 esse,
490 1379 545 1442 ubi
566 1378 665 1444 Caelii
687 1378 868 1463 Valeriiquo
894 1380 1030 1449 Antiatis
1055 1382 1257 1446 narrationes
1368 1372 1372 1377 ’

161 1491 338 1575 componit,
360 1494 397 1553 ut
417 1488 603 1556 videbimus.

247 1603 303 1683 12)
324 1623 349 1666 ο.
372 1601 414 1667 32
436 1603 565 1685 corrigit
586 1624 625 1668 ex
647 1605 816 1670 annalibus
849 1603 983 1683 (Valerii
1004 1604 1117 1689 Anti)
1145 1626 1258 1682 narra-

157 1717 275 1782 tionem
298 1716 437 1783 omnium
453 1737 554 1798 prope
574 1717 753 1795 annalium,
786 1717 954 1800 praecipue
977 1714 1092 1794 Caelii,
1125 1716 1258 1783 Fabium

160 1847 224 1892 non
246 1826 433 1893 dictatorem
456 1824 510 1889 sed
532 1845 593 1907 pro
616 1825 691 1893 dict.
713 1826 818 1892 fuisse.

246 1938 300 2021 13)
322 1957 349 2001 c.
372 1936 413 2000 36
435 1937 562 2002 sanant
583 1943 729 2003 auctores
750 1937 791 2002 de
812 1938 932 2004 dilectu
953 1959 981 2003 a
1004 1938 1077 2002 216.

243 2050 279 2132 a)
301 2048 357 2115 alii
380 2047 557 2132 (Caeliusl)
583 2049 687 2114 10000
708 2072 739 2114 n.
761 2050 826 2115 mil.

243 2160 280 2243 b)
300 2160 356 2227 alii
378 2160 462 2238 (Val.
485 2161 597 2240 Arm)
620 2161 641 2224 4
662 2182 762 2226 novae
783 2161 864 2245 legg.
887 2161 908 2226 a
928 2162 1014 2226 5000
1027 2181 1058 2243 p.
1084 2158 1150 2222 400
1166 2178 1217 2240 eq.

247 2271 298 2349 14)
329 2292 356 2336 c.
379 2271 420 2334 36
450 2272 580 2353 quidam
606 2279 750 2338 auctores
779 2279 853 2338 sunt
884 2272 990 2336 87200
1018 2293 1047 2336 v.
1077 2272 1113 2336 in
1145 2269 1258 2336 eastris

161 2383 251 2448 Rom.
273 2383 316 2449 ad
337 2382 463 2448 Cannas
484 2383 590 2449 fuisse.

246 2495 300 2577 15)
330 2516 357 2561 c.
378 2495 420 2559 49
449 2496 598 2560 dicuntur
626 2494 734 2560 45500
754 2517 785 2579 p.
815 2496 900 2563 2700
921 2515 969 2579 eq.
992 2505 1011 2572 †
1039 2497 1073 2561 in
1094 2493 1252 2560 Cannensi

161 2605 251 2672 clade
273 2605 396 2690 (Polyb.
419 2627 437 2670 e
458 2604 564 2671 Sileno
587 2605 693 2669 70000
713 2627 743 2670 v.
765 2607 806 2691 †).

249 2717 303 2800 16)
326 2737 353 2780 c.
376 2716 418 2780 52
440 2715 570 2798 quidam
591 2721 746 2794 auctores,
1176 2776 1179 2779 ,

247 2827 300 2907 17)
323 2847 350 2891 c.
374 2826 413 2889 61
436 2825 539 2890 verbis
562 2831 631 2904 „est
651 2833 684 2892 et
705 2827 769 2892 alia
790 2828 830 2892 de
851 2827 984 2909 captiuis
1006 2826 1111 2891 iama“
1134 2825 1256 2893 Valerii

163 2938 299 3004 Antiatis
331 2938 371 3004 do
403 2938 536 3019 captivis
569 2938 759 3004 redimendis
795 2939 999 3003 traditionem
1035 2937 1102 3001 alia
1133 2937 1259 3003 Claudii

163 3050 281 3129 Quadr.
305 3050 446 3133 sequitur
468 3049 521 3130 (cf.
542 3050 662 3117 Acilius
683 3050 706 3114 f.
728 3050 749 3113 3
772 3049 836 3116 Cic.
858 3049 898 3116 de
920 3047 971 3114 off.
995 3048 1025 3111 3.
1048 3047 1099 3112 32.
1126 3048 1211 3128 113).

248 3264 370 3330 Liuium
397 3264 431 3329 in
459 3264 583 3331 duobus
610 3265 700 3331 libris
732 3263 965 3331 conscribendis
998 3281 1119 3346 semper
1151 3260 1258 3344 plures

163 3373 333 3457 relationes
361 3373 477 3455 (Caelii
504 3380 536 3439 et
564 3374 682 3440 Valerii
710 3375 846 3440 Antiatis
854 3379 884 3458 P)
914 3374 1089 3457 inspexisse
1114 3373 1257 3439 vidimus

164 3482 305 3551 Cincium
328 3482 534 3562 Alimentum,
558 3484 726 3550 Claudium
746 3505 825 3569 quos
845 3484 1003 3550 interdum
1023 3484 1154 3563 laudat,
1177 3484 1257 3549 alias

164 3615 230 3661 non
251 3595 408 3678 sequitur,
435 3594 568 3660 Fabium
590 3596 732 3662 fortasse.
1055 3584 1062 3597 '

249 3705 283 3772 Si
311 3726 436 3788 quoque
463 3706 498 3771 in
525 3709 726 3789 sequentibus
751 3707 785 3772 ll.
807 3705 1043 3770 XXIH-XXX
1063 3704 1205 3775 Caelium
1225 3712 1258 3775 et

164 3818 326 3884 Valerium
350 3818 509 3883 Antiatem
536 3819 707 3884 identidem
735 3819 848 3883 citatos
869 3838 1038 3898 eorumque
1059 3817 1258 3882 narrationes

167 3929 327 4013 oppositas
354 3929 529 3995 invenimus
558 3930 610 4009 (cf.
640 3932 671 4001 1)
697 3929 763 3994 Liv.
786 3929 837 3994 26.
859 3930 911 3993 40.
943 3929 1088 4008 „Silenus
1118 3928 1258 3996 Graecus

166 4046 261 4108 autor
281 4046 314 4106 et
334 4041 405 4106 Val.
428 4043 534 4142 Ant.“,
556 4042 590 4124 2)
612 4042 647 4107 L.
671 4042 723 4105 27.
745 4041 798 4120 46,
821 4040 856 4126 3)
877 4040 913 4105 L.
935 4039 987 4105 29.
1008 4040 1075 4124 35),
1097 4061 1167 4107 meo
1189 4043 1259 4125 qui-
