3038 4736
707 325 754 397 15

185 584 189 590 .
273 473 308 608 d)
331 525 410 605 (Pol.
427 526 455 589 3.
472 525 522 590 33.
538 525 658 606 6-60)
680 524 828 591 Rhodani
849 523 1019 590 transitum
1041 527 1074 588 et
1093 521 1282 588 Hannibalis

187 658 245 722 per
267 637 363 720 Alpes
383 638 461 716 iter,
497 636 582 719 quod
610 636 818 720 ephemeridis
845 637 881 701 in
907 635 1036 701 modum
1057 634 1206 720 Polybius
1228 656 1283 700 ex-

62 756 67 762 ’
138 780 142 785 ’
188 749 296 833 ponit,
322 754 360 813 ut
387 749 621 814 accuratissime
652 749 692 812 21
716 747 836 814 dierum
859 749 953 831 spatii
974 748 1015 813 ab
1037 749 1175 814 adventu
1195 746 1282 812 Han-

188 861 304 927 nibalis
324 861 366 925 ad
388 861 577 925 Rhodanum
597 860 698 943 usque
718 860 761 926 ad
785 861 889 945 Alpes,
915 861 954 925 15
977 861 1099 926 dierum
1119 880 1219 944 usque
1240 861 1282 926 ad

190 973 357 1039 adventum
377 973 412 1036 in
433 971 577 1050 Italiam,
600 973 727 1037 omnino
748 971 790 1036 36
812 971 950 1050 dierum,
980 972 1096 1037 itinera
1116 992 1155 1037 ac
1177 977 1283 1037 castra

189 1084 303 1148 stativa
326 1082 503 1147 describere
525 1083 692 1164 possimus.

273 1193 318 1258 Ut
350 1193 429 1258 haec
451 1194 619 1277 „intelligas
648 1193 833 1258 relationem
866 1194 905 1259 de
936 1194 1127 1260 Hannibalis
1156 1180 1284 1278 Alpium

188 1307 325 1371 transitu
346 1307 426 1371 Livii
447 1327 485 1370 ac
506 1306 629 1390 Polybii
651 1327 831 1390 compares,
865 1326 929 1389 quo
954 1306 1040 1392 facto
1061 1307 1151 1385 ilico,
1183 1327 1284 1389 quan-

6 1420 18 1463 '—
188 1422 256 1483 tum
285 1417 403 1482 distent
431 1415 530 1481 Caelii
558 1421 729 1482 exornatae
756 1416 842 1482 illins
868 1416 945 1482 belli
965 1417 1116 1482 historiae
1138 1423 1170 1482 et
1191 1417 1285 1502 Poly-

47 1600 54 1609 ,
189 1529 233 1594 bii
253 1529 400 1593 mihtaris
421 1528 532 1591 relatio
554 1526 689 1605 videbis,
718 1526 873 1610 simulque
894 1528 1018 1593 Livium
1039 1529 1128 1594 nullo
1149 1528 1243 1595 modo
1264 1549 1285 1594 a

189 1640 311 1725 Polybii
328 1640 486 1706 relatione
508 1637 699 1721 dependere,
720 1643 757 1703 ut
779 1637 813 1702 Ο.
836 1639 929 1704 Peter
951 1640 1118 1705 existimat.

273 1754 398 1836 Ubique
420 1755 571 1818 maiorem
593 1753 628 1817 in
648 1752 843 1834 temporibus
865 1752 1051 1818 enarrandis
1067 1753 1191 1837 Polybii
1213 1753 1285 1818 dili-

190 1867 327 1950 gentiam
356 1866 554 1949 agnoscimus
588 1885 651 1948 qua
681 1885 714 1929 se
745 1866 931 1948 scriptorem
964 1866 1132 1931 militarem
1158 1865 1283 1949 probat.

125 2064 128 2067 Ι
189 1976 296 2041 Livius
324 1975 448 2058 singula
475 1975 568 2049 addit
592 1976 679 2040 velut
705 1975 808 2040 verbis
838 1995 915 2058 „per
941 1972 1091 2040 fluentem
1117 1973 1225 2039 tabem
1246 1973 1286 2038 li·

189 2088 367 2169 quescentis
389 2087 491 2152 niris“
520 2087 671 2152 describit
697 2108 750 2152 eos
771 2087 890 2152 rivulos
914 2106 994 2168 quos
1017 2087 1152 2151 dicimus
1175 2084 1286 2166 „Glet-

190 2196 430 2275 scherbaeche“,
450 2202 481 2261 et
495 2202 606 2261 narrat
619 2198 654 2261 in
667 2197 720 2262 via
741 2195 912 2262 munienda
931 2196 1078 2262 ardentia
1098 2217 1177 2261 saxa
1195 2200 1286 2261 aceto

94 2331 100 2337 ’
189 2306 293 2371 infuso
315 2306 494 2390 putrefacta
515 2327 598 2386 esse,
631 2306 716 2390 quod
745 2313 872 2390 praeter
901 2328 971 2372 eum
1007 2307 1093 2373 solus
1124 2307 1287 2390 Appianus

194 2413 297 2480 Hann.
319 2417 341 2479 4
362 2416 469 2481 tradit.

277 2515 353 2593 Post
365 2528 455 2592 illam
470 2527 597 2611 Alpium
612 2512 733 2593 itineris
753 2528 977 2607 narrationem,
999 2549 1105 2611 quam,
1126 2534 1163 2593 ut
1176 2528 1286 2594 Boett—

127 2679 131 2683 <
192 2638 304 2704 cherus
325 2641 389 2705 iam
412 2640 564 2721 ostendit,
599 2641 749 2724 Polybius
770 2662 787 2705 e
809 2640 915 2707 Sileno
937 2641 1058 2721 hausit,
1088 2642 1286 2707 exactissime

191 2748 411 2814 describuntur
432 2770 497 2815 non
518 2750 612 2815 modo
633 2751 756 2816 numeri
776 2754 874 2832 atque
895 2750 1024 2815 habitus
1039 2751 1194 2818 exercitus
1209 2749 1283 2815 Gar·

190 2860 397 2943 thaginiensis
417 2862 452 2925 in
473 2861 598 2927 ltaliam
619 2861 815 2927 advenientis
836 2861 881 2942 (3.
905 2861 976 2946 60),
1013 2861 1069 2926 sed
1090 2862 1186 2927 etiam
1206 2866 1287 2926 tem-

190 2993 270 3055 pora
291 2973 462 3055 populique
482 2972 524 3037 ad
546 2994 624 3055 quos
646 2974 741 3052 venit,
762 2978 799 3037 ut
820 2972 928 3055 Polyb.
952 2992 1005 3037 eos
1027 2993 1045 3037 e
1066 2972 1096 3036 3.
1118 2972 1169 3036 36.
1189 2972 1210 3036 3
1232 2994 1296 3038 ex··
1354 2956 1357 2961 ’

111 3089 115 3095 ’
190 3083 293 3164 posito
315 3084 446 3149 consilio
467 3084 631 3149 nominare
651 3085 765 3162 voluit,
786 3083 994 3149 Taurinorum
1016 3084 1103 3148 urbis
1126 3105 1287 3168 expugna-

74 3246 80 3257 .
189 3196 235 3261 tio
257 3199 330 3277 post
350 3200 415 3260 tres
437 3195 513 3272 dies,
535 3194 653 3260 editum
674 3196 708 3259 in
730 3196 842 3260 castris
857 3194 1164 3279 Carthaginiensium
1185 3197 1287 3278 capti·

190 3324 301 3401 sorum
323 3308 537 3390 spectaculum
559 3307 605 3392 (3.
629 3307 701 3386 62),
729 3308 884 3389 proelium
906 3313 1049 3391 equestre
1070 3307 1112 3373 ad
1133 3308 1286 3389 Ticinum,

191 3438 270 3500 quas
291 3419 490 3483 narrationes
503 3418 568 3483 iam
584 3417 791 3484 Boettcherus
807 3426 892 3485 recte
907 3441 927 3485 a
942 3419 1047 3486 Sileno
1062 3421 1195 3503 repetiit.
1237 3418 1286 3483 Ad

192 3527 324 3595 eundem
354 3529 493 3594 Silenum
519 3529 638 3595 referas
664 3552 744 3612 quae
772 3532 921 3616 Polybius
941 3538 1015 3615 post
1042 3532 1104 3598 hoc
1132 3532 1287 3616 praelium

191 3646 374 3705 enarratum
401 3639 440 3705 de
469 3639 548 3705 Padi
572 3642 709 3706 transitu
737 3640 927 3706 Hannibalis
957 3642 1020 3720 (66.
1052 3642 1072 3706 6
1102 3637 1287 3719 καταλύσας

191 3751 399 3837 δευτεραῖος),
419 3753 458 3817 de
479 3753 591 3817 castris
612 3750 698 3835 apud
720 3752 913 3818 Placentiam
936 3752 1048 3818 locatis
1070 3753 1163 3819 etde
1185 3752 1287 3818 Gallis

192 3885 263 3929 cum
286 3865 465 3931 Hannibale
487 3887 520 3931 se
541 3866 744 3949 ismgentibus
765 3866 872 3933 tradit.

275 3975 419 4042 Eundem
446 3978 481 4041 in
507 3997 616 4059 pugna
641 3976 684 4040 ad
705 3976 850 4042 Trebiam
872 3975 1052 4042 enarranda
1074 3976 1118 4061 (3.
1143 3975 1285 4061 68-74)

189 4087 376 4170 scriptorem
397 4088 580 4155 invenimus.
624 4087 710 4153 Loca
729 4087 819 4152 varia
840 4086 963 4151 insidiis
984 4092 1082 4170 apta,
1117 4084 1286 4170 Magonem
