3038 4736
777 295 832 373 18⁴

253 517 310 563 nes
332 497 384 565 93.
407 496 815 585 6·δοιπνοποιησαμένοις,
840 499 869 569 7.
892 493 962 582 ἅμα
982 502 1035 587 τῷ
1050 500 1159 565 κλῖναι
1180 496 1219 564 τὸ
1236 490 1352 583 τρίτον

253 608 352 694 μέρος
372 612 434 696 τῆς,
452 605 580 696 νυκτός,
612 615 680 679 tum
712 609 855 677 lotorum
884 611 964 677 situs
992 611 1093 677 multe
1124 609 1304 679 accuratius
1332 628 1354 677 a
1401 636 1426 667 .·
1466 651 1468 654 -

254 720 385 806 Polybio
408 742 504 804 quam
527 744 547 789 a
569 722 658 791 Livio
680 721 904 793 deseribuntur
1466 727 1468 736 ⁴

362 898 365 903 ,
457 852 516 909 Pel.
535 854 561 905 3.
580 853 623 909 99.
644 853 678 905 10
968 852 1090 907 nivea.
1110 855 1144 909 16

254 936 385 1026 ,Φάβιος
406 937 461 1037 ἐπ’
480 941 593 1031 αὐτῆςΔ
608 948 678 1033 τῆς
703 946 804 1015 dese·
847 946 964 1015 Fabius
997 953 1035 1013 et'
1061 946 1218 1013 Minucius
1248 954 1354 1015 eastra

254 1053 379 1140 βολῆς
400 1052 479 1139 περὶ
499 1056 585 1121 4000
607 1054 771 1145 ἐπέστησε
847 1059 882 1123 in
902 1058 986 1125 οἱαοι
1008 1056 1165 1137 deferunt,
1185 1078 1249 1140 qua
1267 1057 1355 1124 Han·

253 1156 356 1255 αὐτὸς
377 1164 414 1231 δὲ
434 1164 473 1231 τὸ
495 1164 583 1233 πολὺ
605 1168 704 1255 μέρος
726 1165 806 1252 dicer
849 1170 937 1236 nibal
961 1170 1113 1236 ducturus
1135 1175 1210 1237 erat

254 1278 314 1362 τῆς
341 1272 507 1359 δυνάμεως
535 1273 607 1344 δπί
632 1302 720 1345 τινα
746 1275 805 1344 λό-
846 1279 988 1345 inclusus
1015 1279 1090 1347 inde
1111 1279 1212 1347 videri
1232 1278 1351 1348 Hanni

256 1408 331 1474 φον
365 1382 607 1475 ὑπερδέξιον
639 1385 706 1476 πρὸ
738 1392 804 1453 τῶν
847 1389 936 1457 nibal
957 1390 1009 1455 νιά
1029 1390 1075 1454 αδ
1098 1388 1276 1457 Casilinum
1298 1387 1354 1454 ob-
1472 1423 1474 1488 3

257 1502 379 1563 στενῶν
399 1496 775 1584 κατεστρατοπέδευσε
849 1519 936 1567 sessa

257 1611 308 1677 93.
334 1613 440 1681 lesia
454 1608 685 1701 Καρχηδονίων
709 1632 807 1699 ποιη-
848 1610 888 1675 Η.
911 1631 981 1677 eum
1003 1631 1061 1694 per
1082 1600 1255 1676 Casilinum
1283 1629 1356 1677 eva·
1473 1690 1476 1717 1

256 1721 406 1813 οαμένων
437 1721 497 1815 τὴν
528 1719 740 1812 παρεμβολὴν
773 1720 807 1790 ἐν
849 1722 924 1789 dere
945 1742 1010 1788 non
1029 1728 1145 1807 posset,
1166 1721 1357 1809 petendique
1473 1722 1476 1795 J

256 1834 329 1916 τοῖς
363 1830 584 1911 ἐπιπέδοις
618 1827 677 1901 ὑπ’
706 1826 808 1923 αδτὴν
849 1838 973 1899 montes
1001 1838 1034 1897 et
1054 1833 1163 1916 iugum
1184 1829 1357 1897 Calliculae

257 1939 317 2031 τὴν
337 1938 526 2033 παρώριιαν
851 1943 1065 2031 superandum
1090 1947 1173 2009 esset

288 2055 319 2121 5.
341 2050 495 2138 οπέδειξε
518 2054 555 2123 δὲ
576 2059 647 2134 τοῖς
668 2036 811 2142 λειτουρ-

257 2168 331 2252 γοῖς
351 2160 579 2255 οπτρβολήν
599 2189 674 2233 τινα
690 2163 812 2250 μεταξὺ
854 2170 892 2235 ut
911 2165 1007 2234 boves
1027 2134 1136 2250 ageret
1151 2167 1358 2250 supersuitur

260 2275 410 2366 κειμένην
431 2282 490 2367 τῆς
510 2273 612 2345 αὑτοῦ
630 2300 813 2367 στρατοπε·
855 2280 896 2347 ab
919 2280 1011 2349 hoste
1033 2280 1176 2346 obsessos
1285 2310 1292 2325 ¹
1328 2323 1337 2331 -

259 2385 349 2468 δείας
369 2413 426 2455 και
416 2387 512 2456 τῶν
535 2393 659 2456 στενῶν

258 2522 355 2586 porro
384 2523 515 2571 caussae
542 2522 624 2584 quae
651 2503 787 2571 maxime
808 2502 1021 2571 Hannibalem
1041 2504 1269 2577 movebantut
1288 2506 1360 2590 pla-
1451 2562 1455 2569 .

259 2612 337 2677 nitie
366 2612 466 2691 exiret
493 2611 613 2699 praeda
639 2611 673 2677 in
701 2616 806 2687 tutum
827 2612 993 2681 referenda
1015 2614 1234 2697 exercitusque
1253 2615 1289 2681 in
1310 2615 1360 2683 bi-

260 2723 361 2808 berna
390 2723 568 2802 ducendus,
605 2730 753 2793 adcurate
775 2725 896 2807 dictae,
932 2733 1001 2793 tum
1021 2727 1156 2811 agninis
1178 2748 1235 2811 per
1260 2729 1361 2794 saltus
1408 2792 1414 2797 .

260 2835 369 2901 fauces
390 2835 545 2901 elabentis
573 2834 651 2901 erdo
677 2836 916 2920 diligentissime
937 2839 1118 2921 declaratus
1140 2843 1280 2926 ,πρῶτον
1300 2838 1361 2922 μὲν

262 2943 305 3013 τὰ
324 2943 428 3033 βαρέα
448 2950 514 3015 τῶν
534 2940 657 3039 ὅπλων,
682 2945 742 3012 ἐπὶ
764 2947 800 3015 δὲ
821 2945 951 3029 τούτοις
972 2947 1049 3028 τοὺς
1069 2944 1190 3028 ἱππεῖς
1204 2950 1283 3031 κτλ,
1307 2950 1362 3014 de-

262 3059 359 3140 nique
379 3057 534 3140 singula
525 3078 611 3123 iussa
633 3057 824 3149 Hannibalis
848 3059 913 3138 (93.
936 3061 1037 3140 4),u
1038 3059 1255 3161 tHasdrubel
1277 3058 1362 3124 2000

264 3172 359 3240 boves
380 3175 519 3255 pararet,
511 3174 577 3236 αο
597 3170 675 3236 levis
696 3177 860 3237 armatura
881 3172 977 3238 boves
997 3178 1155 3257 ageret,e
1138 3173 1362 3238 ettransitum

146 3352 150 3357 ,
265 3304 287 3348 a
307 3282 407 3349 latere
426 3280 569 3347 firmaret
590 3279 657 3364 (93.
674 3281 721 3365 9),
742 3281 822 3347 haee
842 3280 949 3347 omnia
970 3286 1036 3347 tam
1058 3287 1206 3348 accurate
1228 3303 1249 3349 a
1270 3281 1364 3367 Poly-

266 3396 319 3487 bio
333 3398 516 3473 narrantur,
530 3369 567 3459 u't
580 3393 725 3477 primarii
740 3391 1072 3478 Carthaginiensisque
1087 3393 1215 3480 (Sileni)
1231 3394 1365 3477 scripto·

268 3507 325 3573 ris·
341 3505 375 3571 in
402 3506 442 3575 iis
467 3505 600 3588 vestigia
631 3526 703 3571 eum
731 3505 883 3589 pressisse
910 3506 988 3571 satis
1015 3511 1185 3590 appareat3
1216 3527 1233 3571 e
1259 3503 1364 3571 Silene

268 3639 394 3703 queque
414 3619 557 3685 narratio
578 3617 618 3683 de
638 3606 748 3696 Fabio}
771 3618 827 3700 qui
848 3617 1019 3683 fallebatur
1040 3618 1155 3684 hausta
1175 3623 1233 3697 est,
1254 3623 1287 3683 et
1296 3630 1370 3683 ver:
1424 3602 1432 3609 ⁸

268 3731 312 3798 ba
342 3726 494 3814 „ederes
527 3726 611 3795 κατὰ
643 3726 701 3795 τὸν
732 3726 874 3817 ποιητὴν
902 3725 1098 3813 οἱσσάμενος
1130 3724 1227 3794 δόλον
1259 3720 1365 3794 εἶναια

270 3818 539 3931 Carthaginiensis
571 3842 734 3928 scriptoris
766 3842 952 3911 Romanum
976 3841 1163 3927 dictatorem
1194 3839 1339 3915 derident
1324 3840 1366 3904 tis

270 3957 406 4049 tentasse
429 3961 505 4023 sunt
525 3956 593 4041 (94.
615 3956 662 4040 4).

311 4090 385 4139 e.
409 4068 451 4135 94
472 4067 612 4143 Silenum
634 4086 760 4151 quoqne
781 4070 869 4133 secut
869 4087 907 4132 us
929 4084 996 4133 esse
1011 4063 1168 4150 Polybius
1189 4082 1228 4128 ea
1247 4083 1283 4127 re
1302 4059 1367 4127 for-
