3038 4736
713 357 762 430 63

606 594 699 677 Liv.
730 593 873 678 XXII.

724 788 749 853 Ι.

273 924 300 969 c.
319 902 336 965 1
360 900 526 967 Gallorum
548 898 621 965 odia
641 900 676 965 in
689 898 911 981 Hannibalem,
932 901 988 983 qui
1001 899 1154 967 mutando
1169 858 1291 968 vestem*
1389 887 1392 893 ¹

189 1015 364 1098 capitisque
378 1016 561 1097 tegumenta
576 1032 643 1077 sese
657 1010 699 1078 ab
715 1032 823 1077 eorum
845 1012 967 1079 insidiis
990 1013 1156 1094 munierat,
1177 1012 1288 1081 eCae-

188 1127 232 1192 lio
253 1132 425 1193 narrantur
447 1124 500 1206 (cf.
524 1123 591 1191 Pol.
615 1123 643 1188 3.
666 1124 716 1190 79.
743 1124 849 1206 1-5).

716 1235 757 1300 11.

273 1368 300 1413 c
319 1348 335 1410 1
358 1368 409 1412 res
429 1346 571 1413 urbanae
592 1351 775 1426 narrantur,
797 1367 876 1429 quas
890 1347 998 1414 Livius
1015 1370 1054 1414 ex
1074 1348 1184 1416 eodem
1198 1349 1288 1417 fonte

189 1460 296 1525 hausit
316 1459 402 1523 unde
421 1457 503 1523 Plut.
527 1457 604 1523 Feb.
627 1480 656 1522 u.
680 1479 707 1522 c.
729 1459 749 1522 2
782 1479 799 1523 e
820 1458 947 1524 Valerio
969 1460 1114 1541 Antiate‚
1143 1462 1289 1546 prodigia

189 1591 361 1655 eorumque
382 1570 635 1657 procurationes,
658 1569 841 1636 Saturnalia
861 1570 1016 1636 instituta.

711 1679 767 1745 111.

274 1816 301 1861 c.
317 1793 401 1858 2-7
423 1792 458 1858 in
479 1791 669 1859 Hannibalis
689 1813 746 1876 per
767 1791 917 1876 paludem
939 1795 1053 1862 itinere
1074 1798 1161 1863 etin
1181 1817 1289 1883 pugna

189 1909 231 1976 ad
251 1909 274 1974 l.
296 1908 523 1973 Trasumenum
545 1905 731 1971 enarrandis
754 1905 861 1970 Livius
884 1905 1026 1974 Caelium
1047 1912 1206 1992 sequitur,
1228 1911 1290 1977 Po-

189 2021 293 2107 lybius
308 2019 338 2084 3.
356 2016 481 2082 78-79
505 2016 655 2082 Silenum.
700 2017 907 2082 Boettcherus
924 2018 1047 2084 Livium
1062 2020 1291 2105 Polybiumque

190 2134 224 2199 in
245 2153 284 2197 ea
305 2151 340 2195 re
361 2130 444 2194 inter
466 2149 499 2194 se
521 2125 647 2193 differre
669 2128 836 2207 existimat,
859 2130 944 2210 quod
965 2130 1115 2216 Polybius
1137 2133 1217 2199 duas
1238 2154 1292 2200 eo-

190 2242 262 2308 dem
284 2247 425 2323 tempore
448 2258 570 2322 pugnas
593 2238 776 2302 commissas
797 2238 975 2319 tradiderit,
997 2242 1131 2308 alteram
1146 2244 1181 2309 in
1195 2244 1287 2325 valle,

190 2355 325 2421 alteram
347 2351 389 2418 ad
411 2351 535 2429 lacum,
566 2349 689 2414 Livium
718 2355 825 2415 tamm
853 2373 950 2417 unam
977 2358 1103 2419 tantum
1130 2356 1165 2421 in
1190 2356 1290 2437 valle3

191 2466 395 2550 quamobrem
428 2464 465 2529 B.
496 2463 619 2528 Livium
651 2462 716 2526 iam
747 2464 781 2526 in
814 2484 921 2547 pugna
955 2466 1172 2535 describenda*
1199 2469 1290 2535 illum

191 2579 387 2662 scriptorem,
409 2595 502 2658 quem
523 2574 557 2638 in
579 2572 685 2638 caedis
706 2594 839 2638 numero
856 2574 977 2655 laudat,
999 2576 1133 2644 Fabium
1147 2585 1290 2646 secutum

192 2711 261 2756 esse
284 2688 448 2755 ostendere
468 2692 580 2752 tentat.
633 2685 758 2751 Caelius
787 2691 895 2751 tamen
922 2688 984 2754 hoc
1014 2689 1085 2755 loco
1114 2691 1291 2757 Romanam

194 2801 548 2884 Carthaginiensemquo
564 2798 779 2862 narrationem
794 2799 1030 2878 contaminavit,
1046 2799 1196 2885 Polybius
1207 2807 1291 2867 certe

193 2914 334 2980 Silenum
355 2913 457 2978 solum
478 2917 639 2976 auctorem
663 2909 812 2992 sequitur.
856 2909 904 2976 De
925 2911 1068 2977 locorum
1084 2913 1146 2979 situ
1159 2919 1293 2997 uterque

194 3024 356 3110 conspirat
386 3088 389 3097 ,
635 3066 638 3071 -

351 3136 436 3202 liv.
460 3135 512 3199 22.
534 3133 556 3197 4
886 3133 995 3220 Polyb.
1020 3135 1049 3199 3.
1072 3134 1123 3201 80.
1149 3137 1231 3201 1-5

281 3249 429 3315 eCaelio
452 3286 488 3297 -
515 3245 622 3312 Sileno
832 3276 835 3281 ¹
982 3247 1129 3314 eSileno

195 3381 290 3445 porro
311 3378 437 3442 quoque
457 3358 492 3422 in
513 3356 610 3422 caede
630 3356 665 3420 in
686 3355 759 3421 lacu
780 3355 960 3422 enarranda

325 3471 392 3536 Liv.
414 3469 466 3535 22.
489 3467 509 3531 6
895 3467 962 3534 Pol.
985 3468 1014 3533 3.
1039 3469 1089 3534 84.
1112 3471 1142 3535 9.
1169 3471 1209 3535 10

196 3583 266 3646 tum
286 3600 412 3664 quoque
432 3585 565 3662 uterque
586 3579 686 3643 tradit
705 3578 778 3643 illos
800 3578 885 3643 6000
899 3581 936 3645 R.
953 3581 1046 3664 primi
1061 3583 1196 3665 agminis
1211 3583 1294 3665 (Pol.

196 3696 262 3756 τῶν
283 3689 367 3757 κατὰ
388 3688 445 3757 τὸν
461 3684 605 3776 adiuva)
627 3690 794 3773 praecipue
809 3690 850 3755 ad
866 3690 1057 3757 deditionem
1072 3698 1199 3759 coactos
1215 3715 1292 3761 esse.

327 3804 394 3868 Liv.
417 3801 467 3865 22.
493 3802 513 3865 6
889 3800 996 3885 Polyb.
1020 3801 1049 3865 3.
1073 3800 1123 3867 84.
1149 3803 1189 3866 14

292 3916 376 3981 fame
394 3916 535 3981 instante
902 3908 1056 4000 ποικίλης
1077 3909 1190 3993 αὐτοῖς

851 4015 995 4109 ἀπορίας
1015 4021 1247 4115 περιεστώσης,

198 4138 254 4206 ubi
275 4137 313 4202 B.
334 4141 504 4220 utrumque
525 4134 702 4202 consentire
723 4118 859 4218 negavit.
