3038 4736
345 681 372 726 c.
395 660 499 724 7-18
528 662 561 725 in
582 661 676 727 rebus
697 662 829 728 urbanis
851 661 1003 745 Fabiique
1024 662 1185 728 dictatura
1207 680 1360 726 enarran-

261 771 311 838 dis
325 769 466 838 Caelium
482 773 589 838 Livius
604 794 674 839 meo
689 774 815 856 quidem
837 774 953 841 iudicio
975 795 1040 840 non
1062 778 1187 838 secutus
1208 778 1265 851 est,
1286 792 1358 837 cum

257 881 347 951 ,dicat
369 883 525 966 „populus
544 905 603 967 pro
625 883 806 948 dictatorem
822 885 941 950 creavit
955 885 990 963 Q.
1008 883 1142 948 Fabium
1156 881 1360 961 Maximum,“
1422 908 1426 916 ·

262 993 403 1059 Caelium
427 1000 533 1060 autem
555 994 705 1080 populum
728 996 914 1062 dictatorem
929 1017 1052 1063 creasse
1067 997 1201 1063 Fabium
1213 1015 1361 1060 narrasse

261 1126 327 1171 eo.
351 1105 392 1172 31
415 1106 597 1185 videamus3
633 1113 802 1191 propterea
828 1107 889 1173 hoo
914 1108 985 1173 loco
1007 1108 1114 1174 Livius
1136 1107 1232 1174 alium
1255 1111 1361 1190 poste·
1491 1150 1492 1155 .

260 1219 375 1284 riorem
398 1219 562 1297 annalium
586 1219 771 1302 scriptorem
793 1222 950 1301 sequitur,
982 1221 1036 1302 qui
1058 1221 1138 1286 alias
1161 1219 1360 1285 narrationes
1490 1242 1492 1293 ε

261 1329 455 1408 emendavit3
477 1329 511 1394 id
533 1330 703 1395 ostendunt
725 1351 850 1413 quoque
871 1329 968 1396 verba
989 1330 1041 1394 22.
1063 1329 1103 1392 31
1127 1329 1265 1392 omnium
1282 1348 1361 1409 pro-

256 1462 299 1524 pe
320 1441 450 1509 annales
473 1439 605 1504 Fabium
627 1438 814 1504 dictatorem
836 1440 986 1505 adversus
1008 1439 1047 1502 H.
1064 1460 1128 1504 rem
1145 1439 1278 1522 gessisse
1294 1442 1360 1501 trae

261 1550 372 1629 dunt,“
398 1550 453 1619 ubi
473 1550 678 1634 posteriorem
700 1550 865 1615 annalium
887 1551 1073 1634 scriptorem
1103 1548 1267 1612 Valeriam
1290 1551 1359 1611 Aa·

262 1665 368 1729 tiaram
395 1668 560 1747 exceptum
587 1684 655 1728 esse
681 1683 739 1747 ego
763 1663 840 1728 mihi
862 1655 1047 1748 persuasum
1069 1663 1171 1729 habeo
1194 1684 1264 1742 „res
1284 1663 1361 1728 inde

259 1781 367 1862 gestas
397 1775 592 1859 gloriamque
618 1777 774 1860 insignem
796 1776 884 1842 ducis
906 1784 938 1843 et
958 1782 1108 1861 augentes
1130 1776 1258 1843 titulum
1280 1777 1361 1841 ima-

262 1891 344 1974 ginis
364 1896 524 1974 pcsteros,
557 1889 669 1972 utqui
692 1910 750 1975 pro
772 1889 929 1956 dictatore
950 1891 1089 1956 dictator
1110 1891 1290 1956 crederetur
1312 1888 1328 1954 f
1347 1927 1362 1939 ·

250 2001 322 2068 ,cile
343 2000 561 2068 obtinuisse&

346 2114 416 2184 c.9
453 2111 641 2178 Hannibalis
670 2112 731 2177 iter
760 2134 816 2197 per
845 2112 1011 2178 Umbriam
1040 2113 1082 2177 ad
1112 2133 1201 2178 marc
1230 2113 1360 2178 Adriani

262 2233 430 2309 enarratur
457 2248 475 2291 e
506 2226 611 2291 Caelio
639 2224 694 2306 (ef.
718 2224 826 2309 Polyb.
850 2224 880 2290 3.
904 2224 955 2289 86.
978 2224 1092 2289 8-87.
1114 2224 1153 2302 5,
1191 2223 1362 2291 Boettcher

193 2420 196 2427 Ι
262 2337 284 2404 l.
308 2359 335 2404 c.
362 2361 391 2423 p.
415 2337 553 2401 418-9.

348 2471 375 2515 c.
398 2448 504 2513 9-10
531 2469 582 2512 res
604 2430 745 2514 urbanae
765 2448 936 2514 traduntur
958 2469 975 2514 e
995 2448 1122 2514 Valerio
1143 2448 1289 2527 Antiate,
1324 2454 1362 2513 ut

263 2563 452 2648 cognomina
473 2560 646 2627 ostendunt
666 2559 702 2624 L.
719 2559 882 2626 Cornelius
905 2561 1068 2640 Lentulus,
1091 2560 1126 2638 Q.
1142 2560 1260 2626 Fabius
1274 2559 1358 2625 Max.
1485 2558 1487 2564 '

349 2695 376 2740 e.
403 2673 526 2737 11-18
555 2674 589 2737 in
611 2671 702 2736 Fabii
723 2672 882 2738 dictatura
904 2677 936 2738 et
959 2676 1160 2738 cunctatione
1182 2671 1361 2737 describen-

254 2785 311 2858 dis
326 2784 475 2870 Polybius
489 2783 659 2866 Liuiusque
679 2783 814 2849 multum
836 2785 1035 2864 dissentiunt,
1057 2785 1206 2870 Polybius
1221 2785 1362 2850 exactius
1378 2836 1382 2845 ,

264 2898 405 2963 Silenum
426 2902 552 2963 secutus
574 2896 613 2961 de
636 2896 968 2980 Carthaginiensibus,
996 2904 1033 2963 ut
1054 2897 1187 2963 vidimus
1210 2903 1252 2980 (p.
1280 2897 1359 2959 13-

267 3012 338 3090 14),
360 3011 467 3077 Livius
489 3010 528 3076 de
549 3010 700 3075 Romanis
721 3009 825 3075 refert.

404 3122 471 3191 Pal.
495 3122 524 3186 3.
548 3121 599 3185 88.
623 3120 640 3183 7
1027 3122 1094 3188 Liv.
1118 3122 1168 3186 22.
1193 3123 1232 3185 11

350 3232 484 3297 Fabium
505 3231 527 3295 4
548 3231 686 3314 legiones
986 3231 1119 3297 Fabium
1140 3233 1161 3297 2
1182 3231 1264 3316 legg.

265 3341 547 3425 circumscripsisse
569 3346 698 3419 narrat,
734 3339 884 3425 Polybius
905 3339 1117 3407 Hannibalem
1138 3340 1307 3428 τολμηρῶς
1328 3337 1362 3418 ἐς

265 3451 308 3520 τὰ
336 3448 413 3537 περὶ
435 3448 578 3540 Καπύην
604 3447 706 3517 πεδία
732 3453 884 3517 transisse
905 3452 997 3531 dicit,
1035 3453 1141 3518 Livius
1163 3458 1269 3517 autem
1290 3473 1362 3518 eum

253 3586 323 3654 'per
350 3571 415 3630 tres
437 3562 614 3646 Campanos
641 3563 762 3645 equites
788 3563 956 3627 invitatum
986 3562 1228 3645 ducentiumque
1257 3585 1364 3629 errore

267 3675 439 3742 Casilinum
462 3695 521 3758 pro
540 3674 687 3739 Casinum
711 3676 897 3758 pervenisse,
920 3677 975 3753 ait,
998 3695 1077 3757 quas
1098 3677 1203 3743 varias
1224 3677 1365 3742 intense

266 3791 505 3872 pugnantesque
535 3786 733 3849 narrationes
761 3785 969 3850 Boettcherus
999 3788 1045 3868 (p.
1068 3786 1211 3871 420-4)
1243 3787 1364 3852 frustra

266 3921 337 3966 meo
360 3899 486 3983 quidem
508 3897 631 3974 {iudicio
654 3898 843 3981 coniungere
865 3905 897 3963 et
917 3898 951 3962 in
966 3896 1291 3964 Caelium-Silenum
1313 3921 1364 3965 re·

266 4014 350 4080 icere
372 4018 515 4078 conatur.
560 4009 715 4094 Polybius
738 4016 822 4075 certe
844 4010 1000 4089 Silenum,
1029 4011 1136 4077 Livius
1156 4012 1276 4078 Valerii
1298 4015 1364 4078 An-

267 4124 355 4191 tiatis
376 4123 551 4189 Fabianam
572 4122 757 4188 relationem
781 4122 932 4204 aequitum.
