3038 4736
675 304 726 378 27

146 498 149 506 ’
233 507 410 571 Romanam
441 504 644 570 traditionem
674 524 800 588 quoque
831 504 928 570 factio
959 503 1098 570 Barcina
1129 462 1251 569 memo-⁴
1352 542 1356 547 ·

148 621 221 682 rata
248 615 402 693 ostendit,
437 615 489 680 cui
516 613 696 694 Hamilcar,
732 620 801 680 tum
828 614 1009 681 Hasdrubal
1031 620 1064 681 et
1084 612 1247 680 Hannibal

147 729 361 815 praefuerunt,
391 729 447 810 qui
466 734 504 793 nt
523 748 655 811 regnum
677 747 769 792 suum
790 733 989 807 tutarentur,
1022 726 1247 865 Carthaginem

148 863 272 926 semper
292 843 327 907 in
348 840 432 907 bella
453 839 702 925 praecipitarint

234 974 261 1020 c.
285 954 306 1018 6
328 959 360 1019 et
382 951 400 1016 7
427 973 478 1018 res
504 952 546 1018 ab
567 950 797 1018 Hasdrubale'
787 971 823 1016 m
843 948 999 1034 Hispania
1019 955 1124 1034 gestas
1147 950 1248 1016 eonti-

148 1072 220 1146 net,
257 1086 329 1131 eum
358 1063 538 1130 foederibus
565 1064 627 1130 et
617 1085 652 1128 ιιι
674 1083 753 1147 pace
773 1083 841 1128 rem
863 1061 1168 1147 Carthaginiensium
1190 1083 1247 1128 au-

35 1216 37 1265 t
149 1180 248 1258 risse,
281 1177 559 1261 Carthaginienses
581 1181 658 1255 (non
680 1174 929 1254 Hasdrubalem,
967 1180 1004 1240 nt
1024 1175 1131 1242 Livius
1154 1176 1249 1261 Poly·

148 1291 281 1374 binaque
303 1291 450 1373 narrant)
479 1310 551 1354 cum
577 1288 730 1354 Romanis
758 1278 870 1354 foedus
896 1287 1019 1367 iniisse,
1053 1294 1092 1355 ut
1111 1288 1248 1355 Hiberus

35 1402 36 1405 ’
148 1405 252 1469 amnis
272 1402 345 1467 finis
367 1402 531 1485 utriusque
552 1399 678 1483 imperii
699 1403 790 1465 esset.

234 1516 367 1583 Foederi
387 1516 552 1599 Appianus
573 1532 699 1594 quoque
719 1511 827 1577 addit:

35 1662 36 1667 ’
263 1648 324 1703 Lis.
342 1649 386 1701 21.
405 1648 430 1698 2.
589 1643 663 1713 App.
680 1642 755 1697 lber.
774 1644 799 1696 7.
946 1641 1015 1697 Zon.
1033 1645 1060 1697 8.
1078 1643 1110 1695 al
1131 1643 1214 1715 (176).

35 1748 36 1751 ’
149 1745 332 1830 Saguntinis
375 1740 486 1809 mediis
565 1733 797 1816 Zosavdas'ovg
826 1735 864 1804 δὲ
948 1731 1182 1819 Ζακανθαίους
1215 1736 1250 1803 ἐν

148 1858 232 1923 inter
251 1857 387 1941 imperia
408 1855 487 1921 duo-
552 1847 719 1929 ’καὶτοὺς
745 1843 864 1929 ἄλλους
948 1853 1024 1928 ταῖς
1058 1846 1143 1936 πρὸς
1173 1846 1251 1928 τοὺς

149 1989 221 2035 rum
241 1967 430 2052 populorum
451 1967 491 2033 li·
566 1958 866 2050 ἕυἸβηρίᾳἝλλη-
950 1957 1194 2050 Καρχηδονίους

149 2082 258 2149 bertas
279 2084 466 2148 sonaretur.
564 2099 622 2154 υας
664 2068 863 2159 αὐτονόμους
949 2070 1130 2163 συνθήκαις
1166 2069 1252 2155 &aaa

568 2183 626 2251 καὶ
674 2183 867 2274 ἐλευθέρους
950 2182 1063 2273 advoco
1092 2180 1252 2272 ἐπεποιή-

570 2290 663 2364 οἶυαι.
950 2317 1059 2365 meaa.

34 2464 35 2469 ι
150 2433 233 2496 quae
254 2411 352 2477 verba
373 2410 459 2495 apud
482 2410 548 2476 Pol.
571 2410 601 2475 3.
625 2410 676 2475 27.
699 2409 730 2489 9,
755 2409 785 2473 δι
808 2408 952 2491 29-30,
987 2410 1045 2493 qui
1065 2409 1250 2492 antiquissi-

151 2542 236 2591 mam
257 2530 353 2607 atqne
374 2524 526 2608 optimam
547 2522 633 2589 illius
654 2521 791 2590 foederis
812 2523 947 2591 formam
961 2522 1103 2601 tradidit,
1126 2521 1249 2589 desunt.

152 2637 242 2715 Quae
272 2635 403 2702 traditio
435 2655 505 2702 meo
538 2635 666 2719 quidem
701 2635 818 2701 iudicio
850 2635 1029 2701 Romanum
1064 2633 1251 2717 scriptorem

152 2746 306 2826 ostendit,
327 2747 383 2829 qui
403 2746 569 2826 iniuriam,
591 2767 686 2829 qnam
708 2746 810 2813 Roma
832 2746 925 2812 sociis
946 2745 1065 2812 relictis
1087 2743 1252 2811 commise-

151 2864 220 2938 rat,
242 2857 470 2924 dissimulabat.
514 2857 657 2924 Eandem
679 2856 868 2924 sententiam
893 2856 977 2922 enim
999 2856 1080 2940 App.
1102 2855 1185 2921 Iber.
1210 2855 1249 2919 11
1374 2860 1377 2865 ”

116 2968 122 2975 ’
150 2968 327 3035 invenimus
354 2967 390 3034 in
416 2967 555 3034 consiliis
582 2967 622 3034 de
643 2968 826 3053 Saguntinis
848 2967 1002 3034 mittendo
1023 2967 1161 3046 auxilio,
1195 2965 1252 3032 ubi

152 3081 283 3165 quidam
314 3087 475 3148 senatores
503 3082 656 3148 auxilium
677 3080 866 3148 mittendum
889 3100 957 3147 essa
977 3085 1096 3166 negant
1117 3078 1252 3166 „loyor-

152 3215 207 3271 τες
228 3190 419 3280 ἐλευθέρους
440 3185 490 3258 ἔτι
511 3187 666 3269 καὶτοὺς
687 3187 981 3278 πολιορκουμένους
1001 3181 1116 3257 slvac‘t

239 3304 299 3371 c.8
322 3310 354 3371 et
374 3305 395 3369 9
417 3306 582 3371 continent
602 3303 811 3370 Hasdrubalis
832 3307 966 3369 mortem
986 3322 1044 3386 per
1063 3322 1188 3369 servum
1209 3300 1251 3367 ob

154 3419 235 3485 iram
256 3416 414 3484 interfecti
436 3417 555 3483 domini
578 3416 659 3498 (Lis.
682 3416 733 3483 21.
756 3417 807 3497 2),
840 3414 1147 3499 Carthaginiensium
1170 3414 1253 3498 opti-

153 3534 275 3594 matum
297 3527 404 3593 odium
426 3527 461 3593 in
482 3526 694 3593 Hannibalem
713 3504 844 3607 'eiusque
864 3523 1053 3603 factionem,
1082 3529 1252 3608 postquam

151 3641 319 3726 imperium
333 3638 534 3706 Hasdrubale
554 3637 705 3704 defuncto
726 3638 768 3704 ab
791 3636 931 3703 exercitu
951 3635 1084 3720 accepit,
1106 3654 1169 3720 quo
1183 3654 1252 3701 mo-

151 3759 205 3821 tus
226 3753 389 3819 Hannibal
410 3752 562 3818 Romanis
584 3751 702 3817 bellum
723 3751 840 3816 intulit.

238 3865 402 3949 Appianas
422 3864 472 3931 illi
492 3864 653 3930 Fabianae
671 3863 817 3930 relationi
839 3861 922 3940 (Pol.
944 3861 974 3928 3.
997 3860 1035 3948 8)
1058 3859 1252 3937 ¹[iannibalis

152 3976 309 4062 regnandi
335 3975 515 4060 cupidinem
543 3973 621 4039 belli
647 3993 777 4040 oausam
797 3972 894 4038 fuisse
915 3991 1019 4057 pauca
1039 3970 1130 4037 addit
1150 3991 1252 4056 popu·

152 4088 221 4155 lum
232 4086 550 4174 'Carthaginiensium
573 4106 700 4172 quoque
720 4084 895 4152 Hannibali
914 4084 1066 4152 infestum
1086 4082 1193 4152 luisse.
