3038 4736
653 320 805 401 '10

233 535 325 602 nonis
345 535 515 602 factionem
536 535 720 601 invenimus.
757 535 972 599 Romanorum
994 532 1183 618 optimatum
1204 538 1237 598 et
1258 554 1333 618 pro·

232 654 341 733 pterea
362 669 470 715 eorum
491 648 636 714 historici
655 647 746 712 Fabii
768 646 902 712 Pictoris
929 646 1064 711 multum
1091 645 1259 725 intererat,
1296 652 1333 712 ut
1401 696 1405 702 .

234 761 327 845 culpa
354 761 430 827 belli
456 762 585 845 prorsus
608 780 641 826 se
662 759 834 825 liberarent
856 764 888 824 et
909 764 1052 824 senatum
1075 759 1253 824 Romanum
1273 780 1331 842 pa-

234 873 280 938 cis
302 872 476 939 studiosum
498 871 594 938 fuisse
616 871 832 946 ostenderent;
859 870 1065 952 quamobrem
1086 871 1203 938 Fabius
1225 872 1331 938 Pictor

234 983 424 1049 avunculum
446 984 481 1061 Q.
505 963 638 1048 Fabiani
659 980 742 1046 Max.
802 979 1023 1046 Cunctatorem
1045 980 1087 1045 ad
1110 980 1239 1063 eosqui
1259 979 1332 1063 paci

235 1094 436 1161 sustinendae
457 1092 644 1169 studebant,
668 1091 857 1174 pertinuisse
879 1090 1012 1174 scripsit.
1059 1090 1179 1167 Quodsi
1200 1091 1328 1156 coniun-

234 1204 335 1288 gimus
362 1204 453 1269 illam
481 1202 654 1268 Fabianam
683 1201 769 1286 apud
797 1200 830 1266 C.
853 1201 986 1267 Dionem
1005 1202 1223 1286 Zonaramque
1249 1203 1331 1268 rela-

234 1315 353 1384 tionem
374 1320 406 1380 et
428 1313 551 1398 Polybii
570 1312 684 1391 verba,
715 1333 797 1395 quae
819 1333 915 1396 supra
937 1314 1049 1392 citavi,
1084 1335 1156 1380 eum
1177 1315 1241 1380 illis
1262 1335 1332 1382 ver-

234 1428 284 1495 bis
304 1448 369 1493 non
389 1427 423 1493 in
444 1426 589 1511 Sosylum
611 1431 643 1491 et
664 1424 836 1490 Chaeream
858 1424 914 1490 sed
935 1426 968 1491 in
990 1425 1132 1505 Fabium,
1155 1446 1248 1509 quem
1266 1426 1330 1491 iam

236 1540 266 1605 3.
288 1539 372 1603 8-9
392 1537 662 1604 vehementissime
684 1537 874 1620 increpavit,
899 1528 1007 1602 invehi
1027 1536 1176 1602 videmus.

321 1650 350 1715 7.
394 1650 468 1714 Pon.
492 1649 521 1713 3.
544 1649 585 1714 26
613 1649 707 1733 primi
728 1648 840 1713 Punici
862 1647 938 1714 belli
965 1648 1150 1732 scriptorem
1170 1647 1330 1713 Philinum

235 1761 327 1840 citat,
357 1761 412 1842 qui
433 1759 544 1826 foedus
564 1759 661 1825 fuisse
682 1779 722 1824 ex
743 1777 807 1840 que
830 1756 1102 1840 Carthaginienses
1123 1754 1231 1835 Italia,
1253 1753 1331 1821 Sici·

234 1871 279 1937 lia
294 1871 426 1936 Romani
441 1870 600 1936 abstinere
622 1870 782 1949 deberent,
803 1869 927 1947 dixerit,
950 1890 1044 1951 quem
1065 1868 1141 1951 quia
1162 1868 1242 1934 illud
1264 1868 1330 1934 fee-

236 1981 295 2048 dus
315 2003 380 2047 non
401 1982 435 2047 in
462 1983 580 2066 templo
607 1981 695 2048 doris
723 1980 894 2065 Capitolini
921 1980 969 2066 (P.
992 1979 1022 2045 3.
1044 1980 1096 2046 26.
1122 1981 1155 2065 1)
1177 1980 1330 2045 invenerit

235 2092 374 2158 refutare
396 2092 510 2159 studet.
1131 2118 1133 2123 ·

194 2199 196 2203 ’
322 2204 384 2272 Sed
405 2204 567 2270 Nissenius
590 2204 652 2285 (die
673 2201 972 2287 rdmisoh-karthag.
985 2202 1173 2282 Biindnisse3
1194 2201 1326 2268 Jahrbb.

236 2315 257 2381 r.
281 2316 372 2382 cass.
397 2298 509 2382 risui.
536 2314 627 2393 reor,
649 2336 680 2398 p.
705 2315 766 2379 321
789 2312 838 2399 ff.)
869 2314 932 2378 iam
962 2312 1080 2378 rmus
1112 2312 1328 2377 sanationem

236 2447 312 2511 erga
333 2426 456 2510 Polybii
475 2426 569 2491 fidem
591 2431 688 2508 atque
708 2425 938 2504 auctoritatem,
961 2444 1025 2507 qua
1046 2422 1131 2507 apud
1146 2444 1254 2488 omnes
1268 2423 1331 2488 uti·

238 2540 309 2615 tur,
341 2534 481 2601 defendit
501 2538 539 2601 ac
560 2533 657 2599 fuisse
677 2533 757 2599 illud
778 2532 889 2599 foedus
910 2535 993 2599 iuter
1014 2535 1174 2599 Romanos
1197 2532 1330 2600 Cartha-

236 2648 454 2734 giniensesque
475 2647 573 2712 ictum
596 2667 623 2710 a.
645 2645 708 2709 306
730 2645 965 2721 demonstravit.

321 2761 423 2840 Locis,
445 2781 523 2843 quos
544 2758 707 2825 Nissenius
728 2757 879 2838 laudavit,
900 2758 1071 2843 adiungere
1091 2780 1272 2843 possumus:

321 2875 356 2958 a)
378 2873 463 2938 Serv.
486 2873 529 2939 ad
549 2872 641 2957 Verg.
659 2872 736 2938 Aen.
754 2874 781 2936 1.
801 2870 860 2936 108
883 2893 914 2956 p.
929 2870 971 2936 28
995 2870 1044 2937 ed.
1060 2872 1096 2936 A.
1112 2872 1203 2952 Lien
1218 2871 1328 2939 Claud.

239 2984 356 3064 Quadr.
378 2984 417 3050 fr.
439 2984 480 3048 31
503 2985 625 3070 (Peter)

238 3095 337 3176 „haec
359 3101 465 3161 autem
487 3101 561 3161 sunt
582 3115 660 3161 sexa
680 3095 764 3161 inter
785 3093 943 3173 Africam,
972 3093 1129 3173 Siciliam,
1151 3093 1330 3162 Sardiniam

237 3214 271 3277 et
290 3208 436 3287 Italiam,
471 3227 553 3290 quae
574 3227 651 3272 saxa
672 3205 713 3271 oh
734 3206 796 3271 hoc
817 3206 893 3271 Itali
914 3226 987 3271 aras
1008 3212 1139 3286 vocant,
1175 3207 1261 3290 quod
1286 3208 1331 3274 ibi

237 3321 307 3387 Afri
335 3326 367 3387 et
394 3320 528 3385 Romani
558 3318 668 3385 foedus
696 3317 846 3384 inierunt,
864 3323 895 3383 et
925 3317 1004 3385 fines
1033 3319 1156 3404 imperii
1176 3321 1242 3387 illic
1264 3343 1331 3389 esse

238 3432 412 3498 voluerunt.
458 3450 540 3513 quae
568 3450 643 3495 arae
669 3428 843 3494 aSisenna
872 3410 1027 3513 propitiae
1054 3435 1218 3496 vocantur.
1263 3433 1335 3515 quid

239 3543 313 3609 dam
334 3542 470 3608 insulam
492 3541 587 3608 fuisse
607 3542 692 3607 huuc
712 3540 817 3606 locum
838 3541 986 3620 tradunt,
1023 3563 1103 3625 quae
1130 3543 1235 3610 subito
1261 3537 1334 3628 pes-

238 3655 420 3731 samiera,
453 3653 487 3717 in
509 3652 598 3718 ouius
618 3651 768 3733 reliquias
791 3672 869 3716 saxa
889 3651 968 3718 haec
990 3658 1131 3733 exstare,
1160 3654 1194 3749 in
1217 3655 1331 3738 quibus

237 3767 329 3832 aiunt
349 3766 527 3831 Poenorum
555 3763 734 3831 sacerdotes
763 3784 830 3829 rem
856 3764 995 3829 divinam
1022 3764 1126 3832 facere
1148 3765 1266 3832 solitos.
1289 3803 1331 3815 -

238 3879 300 3945 has
319 3898 393 3943 aras
414 3876 470 3942 alii
490 3875 665 3960 Neptunias
686 3879 818 3953 vocant,
857 3874 939 3940 sicut
960 3872 1110 3941 Claudius
1133 3874 1282 3961 Quadrig.
1306 3876 1331 3942 Ι.

237 3988 420 4066 annalium,
448 3986 534 4071 apud
554 4007 645 4065 aras,
666 4005 749 4068 quae
769 3985 967 4052 vocabantur
986 3986 1195 4069 Neptuniae‘t

324 4099 393 4178 Quo
412 4098 484 4166 loco
505 4098 641 4166 foederis
662 4097 862 4166 condiciones
888 4098 985 4182 paulo
1014 4099 1194 4165 accuratius
1216 4118 1333 4183 cogno·
1382 4126 1386 4131 ¹
1507 4128 1508 4149 r
