3038 4736
229 494 437 578 eamindicio
459 497 697 580 optimatium
718 499 779 564 aaa
800 498 918 564 suaa
940 503 971 563 a
993 496 1161 580 praecipue
1181 496 1216 561 in
1235 494 1326 560 neas
1447 486 1454 557 ε

230 605 271 668 21
294 611 326 670 et
347 606 389 670 22
412 606 511 672 Caelii
531 609 681 673 historias
700 608 881 690 Valeriiqne
904 608 1040 673 Antiatis
1063 605 1195 671 annales
1216 611 1326 671 conta·

230 720 374 798 mirasse,
395 720 480 801 quod
502 726 538 787 ut
558 742 720 804 speramus
744 720 946 804 sequentibus
968 720 1098 804 probari
1120 724 1233 803 potest,
1260 719 1326 783 exi·

230 828 405 894 stimandus
427 836 483 896 est.
508 842 511 849 '

319 942 443 1005 Cealius
471 944 591 1027 primus
619 944 738 1010 bellum
768 944 921 1009 Punicum
945 943 1116 1009 secundnm
1138 962 1155 1007 e
1175 940 1325 1005 Romanis

230 1058 262 1118 et
282 1052 592 1138 Carthaginiensibus
621 1056 762 1122 fontibus
789 1056 966 1139 composuit
986 1054 1198 1135 historiasque
1218 1052 1325 1117 rheto-

228 1164 293 1230 rice
315 1165 487 1230 exornavit.
532 1165 661 1231 Praeter
687 1164 981 1261 Carthaginiensem
1010 1163 1198 1228 relationem
1227 1161 1324 1225 Sileni

230 1272 307 1355 (Cic.
330 1273 369 1338 de
391 1273 450 1338 div.
480 1274 506 1337 1.
528 1273 579 1339 24.
601 1269 656 1356 49)
683 1274 827 1339 Romana
854 1294 979 1356 quoque
1008 1273 1200 1338 familiarum
1226 1271 1326 1336 histo·

142 1387 144 1392 ’
229 1386 294 1464 riis,
317 1378 495 1465 annalibus
519 1387 648 1451 Catonis
664 1387 838 1469 originibus
853 1386 889 1465 (f.
906 1386 972 1467 25),
994 1385 1165 1450 traditione
1180 1384 1326 1468 degente

230 1495 373 1562 Marcelli
396 1497 431 1571 (f.
454 1498 529 1576 29),
566 1497 749 1562 laudatione
777 1495 835 1561 filii
865 1493 1009 1561 Marcelli
1038 1516 1113 1560 usus
1143 1501 1199 1560 est.
1243 1494 1325 1559 Eum

230 1608 354 1691 saepius
375 1607 457 1672 falsa
479 1608 605 1673 atficta
627 1608 805 1699 protulisse
819 1607 854 1685 (f.
876 1606 932 1684 39)
957 1612 989 1671 et
1010 1607 1138 1671 omnine
1160 1606 1325 1670 historiam

229 1717 427 1783 scribendam
451 1740 529 1802 opus
551 1720 723 1784 oratorium
745 1719 956 1796 existimasse,
978 1723 1014 1781 ut
1037 1716 1146 1782 Cicero
1168 1718 1230 1794 alt,
1253 1737 1326 1799 per-

229 1847 331 1909 pauca
353 1827 529 1912 fragmenta
553 1828 740 1906 ostendunt3
763 1827 816 1891 sed
838 1827 921 1891 inter
943 1848 996 1892 eos
1018 1827 1155 1910 optimos
1176 1827 1257 1892 sexti
1277 1847 1326 1892 se·

230 1939 294 2003 culi
315 1939 481 2005 historicos
503 1939 717 2005 numerandus
739 1945 803 2017 est,
826 1959 905 2020 qnos
927 1938 1075 2005 taedebat
1096 1939 1227 2005 annales
1250 1959 1326 2004 con·
1407 1960 1416 1969 “
1461 1920 1465 1929 ’

229 2046 324 2114 ficere
346 2055 378 2115 et
398 2071 449 2115 res
470 2052 564 2116 modo
585 2071 716 2116 narrare
738 2049 899 2129 Catonem,
926 2050 1102 2136 Polybium,
1125 2051 1325 2128 Asellionem,

230 2181 363 2243 quornm
394 2161 427 2226 hi
456 2163 649 2245 plebeiorum
679 2162 924 2245 Scipionumque
946 2164 1048 2247 gentis
1070 2163 1180 2229 laudes
1201 2184 1239 2228 ac
1261 2183 1326 2228 me-

229 2273 293 2339 rita
314 2274 523 2340 illustrarunt.

314 2368 465 2453 Caelium
486 2408 611 2470 quoque
643 2387 842 2469 Scipionibus
874 2388 1077 2452 coniunctum
1110 2387 1207 2452 fuisse
1238 2385 1277 2451 fr.
1309 2388 1324 2448 l

231 2499 368 2564 ostendit
390 2499 545 2579 „Caelius
567 2500 622 2582 qui
643 2498 727 2563 hanc
749 2519 769 2563 a
792 2498 916 2575 Laelio,
942 2499 1094 2582 adquam
1116 2497 1250 2580 arrepsit,
1274 2516 1327 2562 ve·
1366 2514 1370 2517 ·
1466 2520 1471 2601 ss

230 2608 315 2673 niam
341 2610 451 2692 petit,“
479 2614 707 2694 proptereaque
729 2628 799 2672 eum
822 2606 1050 2690 Polybiumque
1071 2628 1109 2671 ca
1130 2606 1265 2672 maxime
1287 2605 1326 2670 de

229 2741 325 2786 causa
347 2721 389 2785 ad
411 2721 575 2786 historiam
596 2720 672 2785 belli
692 2720 803 2784 Punici
825 2719 954 2784 secundi
982 2719 1179 2784 scribendam
1202 2738 1326 2802 permo-

228 2837 296 2897 tum
318 2854 385 2899 esse
407 2834 560 2916 existimo,
582 2839 619 2898 ut
638 2819 949 2915 Carthaginiensibus
973 2832 1178 2915 scriptoribus
1199 2831 1325 2914 aliaque

229 2942 444 3009 Romanarum
465 2945 657 3010 familiarum
687 2944 860 3009 traditione
891 2944 978 3008 nisus
1009 2948 1146 3009 veterem
1175 2963 1196 3008 a
1226 2942 1325 3008 Fabio

230 3055 427 3137 optimatium
456 3057 608 3142 scriptore
636 3055 786 3120 traditam
812 3055 897 3120 illius
928 3055 1003 3120 belli
1034 3055 1199 3122 historiam
1221 3077 1325 3122 emen·

230 3161 329 3228 daret.

312 3274 461 3358 Polybius
483 3276 669 3359 Coeliusque
696 3277 793 3360 igitur
819 3282 953 3359 uterque
973 3275 1137 3342 Fabianae
1159 3277 1324 3343 traditioni
1358 3300 1362 3307 ·

229 3405 263 3451 se
284 3388 441 3470 opposuit.
911 3469 919 3487 „

313 3496 457 3562 Valerius
486 3498 598 3563 Antias
630 3503 736 3564 tamen
765 3497 856 3564 Fabii
884 3503 1004 3563 veteres
1035 3498 1166 3563 annales
1196 3505 1323 3565 secutus

228 3610 293 3684 est,
326 3612 361 3670 ut
391 3608 554 3674 Plutarchi
584 3610 776 3692 Diodorique
805 3612 947 3677 narratio
977 3618 1161 3695 comparata
1190 3600 1325 3678 fortasse

229 3717 376 3782 ostendit.
