3038 4736
785 314 834 389 32

263 512 306 578 ab
319 512 509 581 Hannibale
554 514 659 581 Ceteri
680 537 701 587 a
722 516 866 583 Varrone
888 517 1013 584 collecti
1035 518 1090 601 qui
1110 515 1279 601 imperium
1294 513 1364 582 Sci·

262 625 350 709 pioni
371 619 559 711 (χιλίαρχος)
580 627 682 693 tradit
702 628 899 711 Romamque
919 627 1138 714 proficiscitur.

347 738 427 802 Tota
454 737 547 804 huius
575 760 701 823 pugnae
730 740 901 826 descriptio
928 741 1091 806 annalium
1119 738 1282 825 scriptoris
1303 744 1362 822 est,

264 848 311 914 nil
341 850 423 915 enim
453 850 645 935 Polybianae
674 852 855 918 traditionis
884 854 922 919 de
950 854 1018 919 acie
1045 854 1156 920 lunata
1184 859 1242 920 eto.
1271 853 1364 918 audi·

263 983 345 1028 mus.
389 962 449 1027 Illa
478 971 615 1045 quatuor
643 969 871 1050 strategemata
900 964 1108 1043 Hannibalis,
1146 985 1227 1047 quae
1255 963 1364 1029 omnia

263 1079 390 1158 praeter
410 1075 543 1142 insidias
563 1077 597 1141 111
618 1076 707 1142 Livio
731 1097 856 1159 quoque
876 1076 1095 1160 reperiuntur,
1116 1075 1268 1142 Romame
1289 1096 1364 1158 gra·

263 1184 422 1249 vissimam
445 1184 538 1251 huius
560 1185 636 1252 belli
658 1185 781 1252 cladem
803 1186 954 1252 inferunt.

350 1319 376 1363 c.
399 1297 440 1363 27
463 1299 569 1364 clades
591 1300 711 1365 Romae
732 1292 899 1377 nuntiata3
936 1298 972 1376 Q.
996 1299 1115 1365 Fabius
1138 1298 1245 1365 Pictor
1265 1318 1365 1382 „ocy-

263 1406 405 1498 γραφεύς
426 1409 531 1476 τῶνδε
551 1413 617 1475 τῶν
638 1406 760 1497 ἔργων(
781 1409 922 1495 Delphos
944 1410 1075 1489 11116666,
1102 1410 1187 1475 8000
1208 1410 1290 1477 servi
1310 1431 1362 1501 ar·

264 1522 360 1601 mati,
396 1521 547 1588 Claudius
569 1521 738 1613 Marcellus
760 1543 832 1588 oum
856 1522 962 1586 10000
982 1543 1012 1587 v.
1046 1520 1131 1586 2000
1152 1540 1201 1604 eq.
1221 1518 1362 1586 Teanum

264 1634 610 1718 contraJHannibalem
633 1636 757 1700 missus.

351 1765 378 1809 c.
401 1744 442 1808 28
471 1746 598 1811 tertiam
627 1745 805 1829 legationis·
820 1744 859 1810 de
881 1743 1014 1828 captivis
1035 1741 1227 1808 redimendis
1247 1741 1362 1807 missae

263 1857 479 1949 narrationem
507 1858 588 1943 App.
617 1857 717 1922 tradit
746 1856 801 1921 On.
830 1855 1050 1942 Sempronium
1081 1874 1153 1918 cum
1184 1854 1205 1917 2
1231 1852 1378 1937 captivis·

264 1953 398 2036 Romam
420 1970 550 2035 missum
570 1969 717 2053 precibus
739 1969 859 2034 frustra
878 1969 913 2034 in
935 1974 1047 2037 senatu
1067 1965 1218 2032 adhibitis
1233 1964 1363 2033 rediisse

265 2078 306 2142 ed
328 2077 550 2157 Hannibalem,
573 2079 824 2161 Hannibalisque
845 2079 879 2143 iu
900 2076 1041 2162 captivos
1064 2077 1283 2145 crudelitatem
1306 2075 1363 2155 (ci.

265 2188 342 2253 uon.
366 2187 394 2252 9.
418 2188 439 2252 a
461 2210 492 2272 p.
516 2188 589 2267 201,
610 2187 702 2253 mou
726 2187 868 2274 1665).
1480 2168 1481 2217 ³

350 2300 530 2385 Appianum
551 2321 573 2365 a
595 2300 683 2366 Livio
711 2300 857 2394 Polybio·
872 2321 1043 2384 eorumque
1070 2300 1213 2367 fontibus
1235 2298 1363 2365 Valerio

264 2411 410 2489 Antiate‚
437 2408 562 2490 Caelio,
590 2410 707 2490 Fabio,
736 2409 842 2476 Sileno
864 2432 929 2476 nou
949 2410 1086 2497 pendere
1108 2409 1259 2487 vidimus,
1288 2400 1363 2491 quia

140 2512 143 2517 ⁴
264 2522 366 2587 multa
387 2543 488 2601 nova,
524 2543 607 2605 quae
633 2543 651 2587 e
682 2524 858 2607 posteriorc
883 2522 1047 2589 annalium
1070 2522 1224 2607 scriptore
1245 2520 1364 2598 hausit,

264 2636 298 2699 et
325 2632 497 2698 multaab
526 2632 654 2698 illorum
686 2635 869 2698 narratione
899 2633 1105 2699 abhorrentia
1131 2632 1239 2699 tradit.
1284 2630 1363 2697 For·

264 2750 351 2810 tasse
373 2746 542 2829 Appianus
559 2745 779 2830 Sempronium
802 2746 988 2830 scriptorem
1012 2747 1163 2828 sequitur,
1185 2745 1361 2813 6611186111-

264 2857 396 2941 pronius
425 2856 545 2921 Romae
575 2861 649 2940 post
681 2856 804 2922 cladem
836 2856 1032 2923 Cannensem
1064 2857 1167 2922 10000
1190 2879 1219 2924 v.
1250 2862 1361 2938 servet,

264 2967 467 3053 Sempronius
495 2969 714 3035 iusiurandum
735 2968 821 3053 quod
842 2969 1016 3035 Hannibali
1037 2969 1126 3035 dedit
1146 2978 1309 3038 conservet
1330 2978 1362 3039 et

264 3080 407 3163 captivus
428 3079 470 3145 ad
490 3080 701 3146 Hannibalem
722 3082 846 3160 redeat,
869 3081 945 3147 dum
967 3082 1051 3165 apud
1072 3082 1195 3148 Livium
1216 3084 1251 3148 P.
1274 3083 1361 3149 Sem·-

264 3190 395 3272 pronius
409 3178 583 3257 Tuditanus
605 3213 676 3256 cum
698 3192 928 3258 6006616111
947 3198 979 3258 et
1003 3192 1178 3277 legatorum
1200 3193 1239 3259 de
1260 3194 1361 3278 capti·

264 3299 311 3364 vis
340 3299 530 3365 redimendis
558 3302 726 3371 missorum
752 3305 881 3369 nomina
907 3305 998 3371 valde
1024 3307 1159 3372 variant.
1204 3307 1362 3385 Quamob—

264 3430 333 3475 rem
360 3411 495 3478 fortasse
525 3413 578 3479 hic
605 3414 669 3479 iam
697 3415 874 3498 Sempronii
902 3417 1069 3483 Asellionis
1099 3424 1155 3484 aut
1185 3419 1362 3503 Sempronii

264 3521 412 3587 Tuditani
433 3524 565 3608 vestigia
587 3529 669 3591 sunt.
719 3527 756 3591 ln
780 3526 908 3593 Ibericis
931 3528 1002 3616 (81)
1024 3531 1204 3614 Appianum
1226 3531 1361 3596 Asellio·

265 3655 338 3700 nem
367 3642 507 3704 secutum
536 3658 603 3704 esse
631 3638 669 3703 f.
694 3638 715 3703 5
745 3639 898 3720 ostendit3
935 3641 1057 3708 6116
1085 3644 1276 3709 Asellionem
1306 3643 1360 3709 diu

265 3746 325 3810 sub
354 3746 388 3812 P.
420 3747 565 3830 Scipione
595 3749 745 3814 Africano
775 3750 808 3815 in
835 3750 990 3835 Hispania
1019 3753 1177 3836 stipendia
1208 3753 1360 3819 mendose

265 3855 374 3939 itaque
394 3877 477 3923 nora
498 3857 538 3923 de
558 3859 729 3942 Hispaniae
750 3860 845 3926 rebus
866 3860 979 3928 afferre
1000 3863 1139 3947 potuisse
1162 3863 1311 3931 videmus.
