3038 4736
759 326 809 408 61

321 541 479 622 Denique,
507 545 544 606 nt
564 539 772 605 Boettoharus
793 539 856 604 lam
878 533 1104 619 villamuro
1126 541 1335 626 Polyblnsque

234 651 370 717 maxime
390 650 424 714 in
446 649 602 715 Gereonio
623 649 895 732 Apuliae-oppido
916 657 1012 733 capto
1032 651 1195 716 narrando
1215 648 1335 716 disson-
1369 720 1377 735 .

234 762 319 829 tiuut
340 760 422 847 (Lu.
446 760 497 826 22.
522 761 561 825 18
584 760 650 826 Pol.
673 762 703 824 3.
727 762 797 825 100.
821 758 842 824 3
862 761 895 828 ff.
917 763 957 828 ci.
982 782 1013 847 p.
1039 765 1111 847 lb),
1134 780 1212 829 cum·
1228 763 1335 828 Livius

234 875 387 940 hocloco
410 882 448 950 (c.
471 873 522 950 18)
542 874 730 952 Romanum,
751 872 852 940 altero
875 878 912 938 ut
933 873 1107 938 videbimus
1126 879 1166 956 (c.
1182 874 1237 952 23)
1259 892 1336 938 enu-

235 984 307 1051 dem
338 984 630 1068 Carthaginiensem
656 1004 751 1067 quem
780 984 929 1070 Polybius
957 985 1091 1068 protulit
1118 994 1260 1051 autorum
1288 1006 1336 1049 se·

233 1101 360 1179 quatur.

319 1204 435 1270 Id‘t
377 1206 435 1288 rgit
436 1227 475 1270 ur
496 1225 555 1270 nos
576 1226 635 1288 pro
657 1211 744 1271 certo
767 1205 928 1272 affirmare
942 1224 1035 1289 posse
1049 1211 1199 1290 putamus
1212 1206 1335 1274 Livium

235 1314 269 1380 in
298 1315 388 1381 Fabii
416 1315 576 1380 dictatura
605 1315 785 1442 enarrancla
813 1316 974 1382 Valerium
1004 1321 1067 1381 Arit
1053 1317 1164 1383 tiatem
1195 1323 1335 1382 aeonium

235 1440 312 1491 8886.

321 1535 499 1600 alu-22
529 1550 579 1600 res
600 1535 635 1598 in
655 1534 811 1619 Hispania
832 1552 852 1601 a
874 1535 1073 1619 Scipionibus
1088 1554 1124 1601 a.
1147 1530 1210 1601 217
1232 1542 1336 1620 gestas

154 1654 162 1667 ⁴
235 1644 371 1710 fortasse
399 1665 417 1708 s
445 1643 544 1709 Fabio
573 1643 680 1708 Livius
708 1650 828 1710 narrat.
879 1646 1055 1711 Romanam
1078 1646 1232 1728 originem
1252 1662 1336 1710 mim·

235 1766 306 1819 mus
327 1755 411 1818 inter
425 1752 547 1818 Livium
564 1754 792 1838 Polybiumque
814 1774 996 1835 consensus,
1018 1774 1114 1838 quom
1128 1755 1336 1820 Boettcherns

235 1866 300 1931 iam
324 1865 551 1931 demonstravit
573 1866 609 1944 (l.
633 1887 659 1932 c.
682 1888 713 1951 p.
736 1867 898 1948 424-7),
933 1886 1030 1952 porro
1058 1867 1157 1932 rerba
1181 1868 1235 1946 „in
1260 1869 1336 1932 cito-

237 1978 324 2042 riora
351 1977 561 2060 provinciae“,
594 1977 659 2056 ,aie
688 1978 862 2044 Hiberum‘t
896 1974 1079 2043 ostendunt.
1131 1979 1203 2044 Non
1228 1985 1336 2045 tamen

237 2089 364 2154 Livium
386 2088 448 2153 hac
469 2088 503 2153 in
524 2094 616 2172 parte
638 2109 655 2153 e
676 2087 807 2177 Polybio
827 2088 980 2173 pendere,
1001 2095 1039 2154 ut
1060 2088 1093 2153 Ο.
1117 2084 1210 2155 Peter
1229 2086 1337 2156 existi·

236 2207 321 2279 mat,
350 2201 386 2266 Β.
410 2200 432 2265 1.
456 2221 483 2266 c.
506 2201 652 2267 ostendit.

321 2439 347 2484 u.
371 2419 500 2482 23-31
524 2418 631 2482 Livius
652 2416 744 2482 Fabii
765 2391 924 2483 sollertem
946 2386 1200 2495 annotationem,
1235 2414 1335 2481 dicta

235 2531 314 2595 toris
336 2530 505 2610 invidiam,
532 2535 703 2611 aequatum
724 2531 808 2594 inter
829 2529 961 2594 Fabium
983 2528 1218 2610 Minuciumque
1237 2528 1335 2610 impe-

235 2640 335 2718 rium,
373 2639 466 2706 Fabii
501 2640 541 2707 de
574 2634 754 2706 Hannibale
785 2641 951 2706 vintoniam
983 2638 1177 2724 Minuciique
1211 2640 1334 2707 cladem

236 2756 356 2814 namet.

321 2876 348 2923 o.
372 2859 414 2923 23
445 2854 530 2925 duas
553 2876 605 2925 res
632 2859 676 2926 ad
704 2860 881 2945 aagendam
905 2860 1069 2927 dictatoris
1090 2863 1240 2929 invidiam
1260 2883 1334 2949 pro.

236 2969 315 3048 lert,
339 2969 394 3036 ubi
416 2971 539 3054 egregie
561 2991 632 3035 cum
654 2970 825 3037 Plutarcho
847 2973 1021 3052 consentit,
1046 2992 1118 3038 cum
1141 2980 1276 3056 uterque
1294 2960 1350 3040 ex*
1393 3032 1395 3036 .

236 3081 347 3146 eodem
369 3083 533 3163 scriptore,
547 3080 682 3177 >Valerio
698 3082 836 3162 Antiate,
857 3083 1003 3166 pendeat.
1047 3083 1237 3153 Plutarchus
1251 3086 1334 3151 enim

236 3189 339 3256 multo
368 3191 467 3256 insius
496 3197 530 3256 et
556 3192 735 3257 accuratius
764 3210 860 3275 qnam
887 3191 995 3258 Livius
1020 3199 1147 3273 narra,
1178 3195 1235 3278 qul
1255 3195 1333 3261 duas

236 3301 494 3366 narratiunculas
514 3303 683 3367 contraxit.

321 3410 371 3474 Ad
394 3410 554 3477 Valerium
573 3414 732 3477 Antiatem
755 3413 893 3498 pertinet
913 3414 1057 3479 Romana
1078 3412 1230 3499 pecuniae
1251 3418 1333 3483 ratio

236 3521 508 3604 „argentipondo
531 3522 833 3588 binaetselibraa“
860 3523 901 3589 cf.
924 3521 1108 3590 PlutFab
1131 3524 1334 3612 1,,ι1ραχμαὶ

237 3629 442 3718 πεντήκοντα
464 3631 520 3698 καὶ
542 3630 737 3701 διακόσιαιίῆ

323 3767 349 3809 c.
374 3746 502 3809 23-24
531 3745 637 3812 Livius
667 3746 747 3811 duas
775 3746 913 3812 ciusdem
935 3766 1059 3831 pugnae
1080 3748 1122 3814 ad
1144 3749 1332 3815 Gereonium

236 3854 320 3919 inter
334 3853 508 3919 Minucium
522 3854 796 3937 Hannibalemque
814 3856 1000 3921 commissae
1014 3856 1183 3924 relationes
1204 3859 1333 3943 profert,

237 3965 372 4052 primam
396 3965 511 4045 Caelii,
533 3967 666 4032 alteram
688 3966 807 4032 Valerii
832 3967 968 4032 Antiatis
983 3972 1037 4051 (it

325 4076 506 4143 Caelianam
529 4100 595 4146 esso
617 4080 752 4163 primam
774 4100 945 4145 consensus
965 4080 1049 4146 inter
1070 4081 1192 4148 Livium
1215 4091 1254 4160 (c.
1278 4083 1331 4163 23)
