3038 4736
683 322 733 396 23

155 543 228 589 nem
260 522 327 588 fere
357 522 565 609 Polybianam
597 523 800 591 traditionem
830 525 865 590 in
893 525 1085 593 Hannibalis
1114 529 1260 595 comitem

155 637 296 705 Silenum
318 637 436 703 referre
456 637 632 720 potuimus,
653 657 747 721 quem
768 645 805 704 ut
826 639 908 706 solet
928 661 1086 725 nusquam
1106 643 1260 710 nominat’

145 740 261 816 'verbis
282 754 407 815 tantum
428 748 541 813 laudat

242 860 273 925 3.
297 860 317 924 6
351 855 434 927 ἔνιοι
454 864 521 924 τῶν
547 857 814 948 συγγεγραφότων
831 857 895 940 ’τὰς
915 856 986 927 κατ’
1001 855 1155 946 Ἀννίβαν
1177 861 1262 950 πρά-

37 966 38 989 ³
156 970 235 1051 ἕεις,
274 970 303 1033 3.
325 970 377 1033 47.
401 971 421 1034 6
449 965 532 1035 ἔνιοι
560 973 626 1033 τῶν
654 967 862 1058 γεγραφότων
887 969 967 1053 περὶ
994 976 1053 1060 τῆς
1073 967 1262 1063 ὑπερβολῆς

155 1074 290 1166 ταύτης,
328 1080 357 1144 3.
380 1081 474 1145 eut
506 1077 784 1165 παρατετεαχότες
812 1085 884 1160 τοῖς
910 1088 1051 1168 καιροῖς,
1090 1084 1120 1150 3.
1146 1087 1260 1152 105.8

37 1220 39 1243 =
158 1188 435 1276 παραγενομένοις
455 1184 533 1277 παρ’
549 1184 649 1257 αὐτὸν
669 1188 727 1259 τὸν
747 1187 903 1257 κίνδυνον.
925 1230 968 1242 -
1000 1188 1114 1259 Verbis
1135 1193 1165 1259 3.
1187 1194 1261 1259 ab

36 1298 38 1347 ἓ
156 1299 244 1387 „lyci
266 1301 302 1369 δὲ
324 1300 410 1391 φημὶ
431 1302 492 1386 μὲν
514 1304 582 1370 δεῖν
596 1297 655 1369 οὖν
677 1302 711 1369 ἐν
732 1308 838 1391 μικρῷ
860 1301 1183 1391 προσλαμβάνεσθαι
1203 1302 1262 1394 τὴν

36 1428 40 1523 {r
156 1420 216 1481 τοῦ
239 1414 448 1502 συγγραφέως
469 1411 586 1482 πίστιν
608 1416 727 1501 (Fabii)
751 1410 811 1481 ooo
833 1410 991 1505 αὐτοτελῆ
1012 1412 1049 1484 δὲ
1070 1414 1197 1505 κρίνειν,
1220 1416 1260 1485 τὸ

36 1540 38 1599 l
157 1526 195 1593 δὲ
217 1527 333 1593 πλεῖον
355 1526 392 1609 ἐξ
411 1521 517 1593 αὐτῶν
538 1532 604 1593 τῶν
626 1522 828 1613 πραγμάτων
853 1532 1032 1595 ποιεῖσθαι
1053 1524 1130 1606 τούς
1151 1521 1262 1614 ἄναγν-

36 1646 38 1715 j
156 1630 344 1714 νώσκοντας
364 1629 425 1714 τὰς
446 1630 664 1719 δοκιμασίαςίί
692 1632 859 1721 Polybium
882 1655 1007 1720 quoque
1028 1632 1170 1703 Silenum
1193 1636 1261 1703 Soi-

36 1738 38 1741 *
99 1763 102 1767 ·
156 1748 340 1834 pionesque,
362 1750 417 1831 qui
438 1748 532 1815 rebus
554 1748 699 1833 gerendis
721 1750 782 1833 ipsi
796 1749 1007 1828 interfuerint,
1031 1768 1065 1814 se
1080 1754 1262 1815 secuturum

158 1882 227 1927 esse
248 1861 393 1945 pollioeri
414 1881 526 1927 censeo
548 1860 754 1943 Fabiumque,
774 1862 809 1926 in
824 1880 918 1945 quem
939 1861 1000 1928 hoo
1014 1863 1086 1929 loeo
1101 1862 1144 1943 (3.
1161 1861 1261 1946 8-9)

35 2048 36 2057 ¹
156 1971 341 2056 gravissime
361 1969 520 2037 inuehitur
541 1990 673 2053 prorsus
694 1970 822 2035 reicere.

244 2081 387 2145 Silenum
409 2081 468 2149 sub
489 2080 670 2148 Hannibale
699 2080 852 2145 militasse
879 2098 993 2163 resque
1021 2079 1063 2145 ab
1091 2099 1129 2145 eo
1157 2085 1263 2163 gestas

157 2191 259 2257 literis
280 2190 448 2258 mandasse
469 2191 708 2276 diligentissime
731 2192 811 2257 satis
832 2194 959 2257 constat
984 2187 1033 2271 (O.
1055 2188 1134 2273 Nep.
1156 2189 1261 2256 Hann.

34 2316 35 2319 ’
161 2303 219 2382 13,
255 2301 318 2368 Cio.
342 2302 382 2368 de
402 2303 464 2369 div.
490 2304 517 2366 1.
539 2302 605 2374 211.
649 2302 730 2368 Erat
751 2303 835 2368 enim
857 2322 929 2366 oum
950 2299 1132 2367 Hannibale
1152 2301 1187 2367 in
1209 2322 1262 2368 oa-

157 2410 231 2477 stris
253 2410 409 2494 simulque
429 2411 508 2476 vixit
529 2431 624 2493 qnam
647 2411 703 2477 diu
723 2411 853 2477 fortuna
873 2430 969 2494 passa
983 2414 1048 2477 est.

244 2523 404 2605 Perpauoa
431 2521 626 2605 fragmenta,
659 2543 742 2605 quae
768 2526 897 2587 exstant
919 2521 1060 2588 Silenum
1080 2522 1207 2591 veritati
1228 2529 1262 2592 et

157 2639 327 2700 aoouratae
349 2633 530 2718 diligentiae
552 2633 709 2699 studuisse
731 2631 912 2699 ostendunt.
1377 2698 1383 2707 ,

243 2744 288 2810 Ut
309 2744 488 2811 Alexander
508 2743 644 2828 Magnus
666 2742 911 2822 Callisthenem,
937 2741 1169 2822 Ptolemaeum,
1189 2743 1262 2810 mi,

157 2856 335 2936 stabulum,
371 2861 407 2924 ut
430 2856 603 2935 Eumenes,
638 2856 833 2941 Antigonus,
868 2856 1046 2922 Demetrius
1070 2856 1261 2923 Poliorcetes

157 2969 385 3055 Hieronymum
406 2967 608 3049 Gordianum,
628 2972 666 3035 ut
686 2968 880 3053 Agathocles
895 2967 1029 3035 Galliam
1044 2967 1261 3036 Antandrum·
1291 2983 1296 2993 ·

158 3102 220 3165 que
249 3080 429 3146 laudatores
459 3101 498 3146 ao
525 3101 632 3147 rerum
661 3102 682 3148 a
709 3102 743 3148 se
764 3085 923 3165 gestamm
946 3100 1119 3164 praeoonea
1139 3079 1261 3146 habue-

157 3198 243 3271 ruint,
266 3193 312 3258 sio
333 3191 457 3258 Silenus
472 3191 655 3275 Sosilusque
675 3192 866 3259 Hannibalis
887 3214 994 3259 rerum
1014 3197 1175 3277 gesturum
1197 3192 1259 3277 ipsi

157 3310 351 3391 spectatores
373 3325 427 3370 eas
449 3303 688 3388 diligentissime
709 3307 879 3372 memoriae
900 3306 1101 3372 mandarunt.

242 3417 415 3502 Propterea
434 3418 584 3502 Polybius
599 3418 739 3485 Silenum
760 3417 959 3501 potissimam
980 3414 1066 3484 illius
1087 3418 1163 3485 belli
1181 3418 1261 3485 sori-

159 3537 282 3616 ptorem
303 3536 430 3598 secutus
451 3530 586 3598 Fabium
607 3532 662 3615 qui
682 3529 793 3615 populi
806 3529 943 3595 Romani
962 3529 1071 3596 amore
1091 3531 1259 3616 studioque

158 3645 259 3710 multa
281 3643 432 3710 mentitus
453 3650 502 3710 est
523 3644 571 3724 (Ρ.
596 3645 624 3707 1.
649 3643 702 3725 14)
722 3663 853 3726 prorsus
873 3641 939 3708 lere
960 3640 1108 3726 neglexit.
1141 3668 1145 3673 *
