3038 4736
751 320 801 398 68

311 549 338 594 e.
353 524 480 591 27-31
502 523 594 593 Fabii
607 523 801 610 Minuciique
821 526 1024 607 dictaturam,
1045 530 1203 593 servatum
1223 544 1243 592 a
1264 525 1326 592 Fa-

225 638 280 708 bio
300 637 485 718 Minueium,
506 637 764 722 exercituumque
785 639 1038 705 coniunctionem
1062 638 1117 719 (ef.
1139 636 1320 705 Pharan.

228 751 354 819 12-13
375 772 406 837 p.
431 750 496 833 36).

313 882 340 930 e.
361 863 401 929 31
433 861 542 929 Lisiurs
568 861 709 928 omnium
737 881 837 947 prope
864 861 1029 929 annalium
1055 862 1111 943 qui
1133 861 1323 927 diotaturam

209 974 319 1044 'Fabii
351 975 546 1054 retulerunt,
580 966 802 1040 relationes‘e
832 972 951 1040 Valerii
980 975 1117 1040 Antiatis
1147 973 1326 1056 annalibus,

229 1088 301 1172 qui,
321 1092 359 1152 ut
377 1086 528 1166 vidimus,
554 1105 627 1153 eum
648 1106 707 1171 pro
728 1085 916 1153 dictatorem
937 1087 1040 1154 fuisse
1056 1086 1196 1165 dixerat,
1222 1107 1327 1152 emen·
1402 1172 1407 1175 Β

226 1197 324 1267 davit.
1318 1219 1321 1225 ¹

314 1305 462 1372 Fortasse
482 1306 629 1373 Valerius
649 1307 780 1387 Antias,
813 1327 907 1392 quem
927 1300 1036 1375 livius
1055 1312 1090 1376 in
1111 1312 1133 1377 l.
1153 1313 1244 1379 XXII
1264 1313 1327 1382 fine

229 1418 399 1504 praecipue
421 1417 573 1500 sequitur,
595 1417 660 1483 suis
681 1417 744 1482 iam
768 1417 939 1485 annalibus
959 1421 1113 1487 nonnulla
1128 1443 1146 1488 e
1161 1422 1260 1490 Caelii
1280 1425 1328 1490 hi·

230 1529 337 1598 storiis
356 1528 507 1607 insaniit,
544 1528 713 1612 praecipue
742 1529 777 1594 in
805 1550 912 1615 pugna
934 1531 1093 1599 Cannensi
1113 1506 1327 1617 describenda,

230 1642 287 1711 ubi
305 1640 575 1726 Carthaginiensis
596 1642 752 1707 exereitus
773 1650 970 1710 armaturam
991 1651 1024 1711 et
1044 1647 1145 1712 aciem
1165 1652 1328 1734 totamque

230 1775 372 1842 pugnam
393 1775 411 1820 e
433 1751 541 1820 Caelio
561 1752 669 1820 Lirim
691 1759 803 1821 narrat
823 1754 877 1836 (ef.
899 1755 966 1821 Pol
990 1754 1020 1819 3.
1046 1757 1239 1841 112-118).

318 1974 357 2040 In
378 1973 470 2041 libris
491 1994 610 2053 eornm,
631 1973 686 2058 qui
706 1972 782 2042 belli
803 1973 916 2040 Punici
936 1973 1066 2040 secundi
1080 1995 1131 2040 res
1144 1981 1249 2059 gestas
1262 1996 1328 2042 me·

231 2085 352 2154 moriae
372 2083 612 2165 mandaverrmt,
638 2084 718 2151 duas
738 2085 836 2169 igitur
856 2085 1025 2151 relationes
1045 2084 1230 2166 invenimus,
1248 2085 1330 2152 alte·

231 2217 302 2265 ram
324 2196 616 2282 Carthaginiensem
637 2196 771 2263 alteram
793 2196 979 2263 Romanam.

319 2303 614 2389 Carthaginiensem
643 2304 740 2373 Sileni
767 2305 953 2372 relationem
976 2310 1151 2389 sequuntur
1172 2303 1330 2391 Polybius,

234 2415 370 2495 Caelius,
392 2415 482 2481 ouius
503 2413 656 2480 historiae
676 2413 763 2498 apud
784 2414 916 2494 Livium,
940 2415 1076 2482 fortasse
1098 2433 1223 2498 quoque
1244 2415 1331 2499 apud

135 2600 139 2608 ,
234 2527 369 2594 Dionem
389 2525 545 2593 Zonaram
569 2531 602 2594 et
621 2524 802 2591 Cornelium
816 2525 968 2609 Nepotem
992 2529 1136 2605 exstant3
1156 2525 1332 2599 Romanam

99 2724 104 2737 Ι
235 2641 410 2719 sequuntur
431 2634 600 2715 Diodorus,
618 2635 792 2720 Appianus,
813 2635 949 2702 fortasse
969 2634 1186 2703 Dio-Zonaras
1204 2654 1329 2718 quoque

234 2747 399 2817 nonnullis
418 2748 453 2814 in
474 2748 552 2813 loeis
573 2753 606 2815 et
626 2747 771 2814 Valerius
793 2748 915 2828 Antias,
937 2749 1028 2815 euius
1048 2748 1181 2833 vestigia
1200 2748 1234 2815 in
1254 2746 1330 2813 Plu-

238 2858 330 2926 archi
351 2857 418 2925 vite
440 2857 531 2924 Fabii
551 2857 703 2942 Lirioque
724 2857 893 2944 indagasse
913 2878 973 2925 nos
1000 2878 1173 2945 speramus.

664 3231 869 3242 ———-
