3038 4736
748 288 797 361 16

225 483 260 551 in
288 482 411 549 insidiis
440 481 631 549 collocatum
662 506 730 552 esse
763 480 855 568 „dlpa
882 488 930 572 τῷ
959 480 1319 572 deorsumperant&

226 594 415 662 Hannibalis
435 595 552 674 aciem,
580 595 821 680 elephantorum
842 598 1029 664 amissorum
1050 588 1231 677 numerum,
1264 599 1319 680 qui

224 706 363 776 brumali
382 712 524 790 tempore
545 728 653 774 omnes
674 710 836 793 perierunt
856 715 983 793 praeter
1002 731 1116 788 unum,
1145 730 1238 777 nemo
1258 710 1319 776 nisi

226 814 495 899 Carthaginiensis
516 816 652 898 scriptor
672 821 740 882 tam
761 824 910 884 scemate
931 818 1057 883 tradere
1077 820 1190 901 potuit.

312 946 339 991 c.
363 925 403 988 76
424 923 481 989 On.
503 924 658 1008 Scipionis
678 927 713 991 in
733 927 886 1011 Hispania
907 949 936 993 a.
958 926 1020 991 218
1041 948 1092 992 res
1116 933 1223 1010 gestae
1246 950 1321 996 nar-

225 1044 338 1105 rantur
360 1038 547 1118 (fortassee
568 1036 668 1103 Fabio
689 1045 746 1105 aut
768 1040 913 1122 Scipione
934 1040 1082 1122 quopiam
1104 1044 1243 1119 auctore,
1265 1062 1321 1106 cu·

227 1149 276 1216 ius
296 1146 501 1214 relationibus
522 1147 672 1231 Polybius
693 1148 734 1214 ob
756 1150 926 1215 amicitiam
948 1148 1130 1233 Scipionum
1150 1170 1226 1214 usus
1248 1156 1319 1233 est).

311 1278 338 1325 o.
363 1259 402 1322 77
432 1258 566 1324 hiberna
593 1258 783 1326 Hannibalis
810 1262 845 1326 in
866 1260 989 1339 Gallia,
1010 1262 1081 1336 :iter
1108 1281 1166 1344 per
1186 1262 1319 1345 paludes

226 1371 262 1438 in
274 1370 435 1436 Etruriam
456 1369 576 1435 factum
596 1370 630 1435 in
653 1391 716 1453 quo
737 1370 899 1437 Hannibal
913 1371 1082 1455 elephanto
1096 1377 1204 1438 rectus
1219 1372 1320 1439 altero

228 1483 321 1548 oculo
342 1487 454 1566 captus
476 1487 542 1562 est,
577 1482 712 1566 denique
738 1487 841 1548 totam
866 1504 1006 1567 pugnam
1026 1484 1069 1549 ad
1090 1484 1195 1550 lacum
1216 1484 1322 1550 Trasi-

228 1617 354 1663 menum
375 1595 574 1660 commissam
594 1615 664 1661 meo
686 1595 813 1678 quidem
833 1594 949 1662 iudicio
970 1595 1232 1680 eanhaginimsi,
1244 1598 1322 1663 scri·

229 1713 321 1792 ptore
339 1725 415 1772 usus
435 1710 555 1770 narrat.

315 1816 457 1882 Eandem
471 1816 624 1899 originem
638 1814 782 1881 indicant
794 1815 892 1882 verba
905 1814 1029 1899 Polybii
1040 1835 1068 1880 c.
1082 1814 1134 1882 83.
1148 1816 1168 1880 3
1184 1813 1218 1881 ἓν
1233 1816 1325 1905 δεξιᾷ
1461 1818 1466 1831 ’

228 1924 343 2015 ,βουνοὶ
370 1922 454 1991 κατὰ
482 1922 540 1990 τὸν
567 1917 697 1990 αὐλῶνα
723 1920 881 2007 κείμενοι,
917 1924 972 1990 ubi
992 1924 1142 1992 Baleares
1162 1947 1202 1992 ac
1222 1927 1322 1995 levem

229 2045 426 2107 armaturam
447 2034 609 2101 Hannibal
629 2033 732 2114 locat,
767 2038 801 2100 et
825 2040 894 2099 tum
920 2026 1081 2117 εὕώνυμοι
1101 2031 1230 2119 βουνοί,
1267 2038 1323 2104 ubi

231 2152 353 2236 equites
374 2154 407 2215 et
428 2147 538 2214 Gallos
559 2146 661 2226 locat,
693 2147 741 2211 ita
761 2152 927 2212 uteorum
948 2147 1081 2211 extremi
1100 2146 1143 2212 ad
1164 2147 1268 2213 lacum
1289 2149 1323 2212 in

230 2263 364 2335 introitu
391 2260 426 2324 in
453 2256 567 2324 vallem
595 2256 692 2339 positi
717 2259 832 2322 essent.
881 2255 932 2320 Ita
962 2256 1026 2320 nisi
1055 2254 1324 2340 Carthaginiensis

237 2374 383 2458 scriptor,
403 2370 460 2455 qui
480 2369 600 2435 medius
621 2369 711 2434 iuxta
730 2368 942 2434 Hannibalem
964 2367 1076 2433 ducem
1096 2368 1131 2432 in
1152 2374 1258 2435 monte
1273 2369 1328 2450 qui

234 2486 410 2555 convallem
432 2481 562 2560 clausit,
585 2487 654 2546 erat
675 2480 852 2546 describere
872 2501 937 2546 non
959 2482 1071 2563 potuit.
1116 2481 1327 2558 Quamobrem

233 2597 395 2676 Nissenio,
431 2594 486 2676 qni
512 2598 614 2658 totam
641 2592 728 2658 illius
756 2613 882 2677 pugnae
907 2592 1114 2676 Polybianam
1142 2593 1328 2657 relationem

232 2710 332 2783 Fabio
352 2708 496 2773 Romano
518 2705 665 2788 scriptori
686 2704 848 2783 attribuit,
882 2724 947 2769 non
969 2703 1142 2783 adsenties,
1173 2704 1328 2788 imprimis

144 2862 149 2869 ·
234 2822 262 2887 si
282 2818 409 2887 caedem
428 2816 588 2899 utrimque
608 2815 744 2894 iactam,
767 2835 849 2897 quae
870 2813 988 2898 duplex
1008 2834 1030 2879 a
1050 2812 1173 2880 duobus
1195 2815 1328 2898 scripto-

232 2934 321 3000 ribus
341 2930 460 2997 tradita
482 2933 540 3008 est,
562 2928 795 3012 comparaveris

339 3060 435 3115 Livius
453 3061 497 3112 22,
515 3060 533 3111 7
987 3054 1085 3122 Polyb.
1103 3056 1128 3109 3.
1145 3056 1252 3110 84-85

235 3155 392 3237 „Fabium
412 3154 573 3239 aequalem
594 3151 709 3217 horum
987 3171 1005 3216 e
1026 3149 1132 3216 Sileno

236 3272 414 3352 temporum
435 3270 581 3331 secutus“
635 3332 638 3341 ,

368 3378 473 3443 15000
493 3377 583 3442 Rom.
604 3385 624 3453 †
988 3373 1093 3438 15000
1113 3374 1203 3439 Rom.
1224 3384 1244 3451 †

236 3528 240 3535 ι
325 3466 330 3476 ’
388 3489 648 3565 accederent
990 3484 1094 3549 uoco
1136 3535 1156 3565 ,‚
1212 3486 1308 3570 caps.

1009 3596 1093 3660 1500
1114 3596 1222 3662 Carth.
1243 3606 1264 3673 †

868 3728 895 3773 c.
918 3706 960 3771 30
987 3702 1246 3794 &asportaturos
1266 3708 1332 3773 τῶν

867 3819 1089 3907 Ι(αρχηδον.1ι

237 3993 239 3998 ,
326 3937 413 4017 Quae
442 3932 547 4001 variae
582 3932 752 4000 relationes
785 3933 828 3999 ad
857 3955 955 3998 unum
986 3930 1182 4012 eundemque
1212 3928 1333 3996 fontem
1390 4016 1394 4021 η

239 4047 352 4118 referri
372 4067 446 4117 non
459 4049 600 4131 possunt
644 4043 792 4110 Fortasse
813 4044 908 4110 etiam
929 4043 1085 4109 exercitus
1105 4040 1242 4106 Romani
1262 4059 1333 4107 cum
