3038 4736
637 809 690 892 Π.
750 811 974 895 Diodorus

339 1061 387 1126 De
409 1058 541 1125 Diodori
570 1058 593 1124 l.
615 1059 658 1123 24
678 1063 711 1125 et
731 1057 774 1124 25
802 1057 943 1125 fontibus
972 1057 1122 1127 disseruit
1148 1061 1353 1128 Gellmannus

253 1193 286 1257 p.
308 1170 444 1236 73-79.
485 1168 558 1235 Non
579 1175 665 1237 reete
685 1176 791 1237 eutem
813 1191 883 1236 mee
905 1170 1032 1253 quidem
1053 1172 1170 1238 iudicio
1193 1173 1299 1239 omnia
1319 1173 1357 1238 in

253 1283 394 1350 Silenum
414 1282 541 1361 retulit3
576 1282 677 1348 multo
708 1283 809 1366 magis
835 1281 994 1348 Diodorus
1022 1284 1156 1350 eundem
1178 1286 1356 1351 Romanum

254 1393 440 1478 scriptorem
461 1392 595 1459 Fabium
615 1393 768 1477 sequitur,
788 1414 852 1478 que
872 1395 907 1460 in
929 1394 1012 1461 bello
1031 1394 1155 1462 Gallico
1176 1397 1355 1464 enarrando

253 1506 364 1575 utitur.

338 1615 460 1682 Dioder
481 1614 525 1681 25
545 1614 568 1680 f.
594 1615 632 1680 18
655 1614 695 1682 ef.
719 1613 837 1684 Fabius
857 1615 880 1680 f.
907 1616 945 1697 17
969 1615 1026 1695 (M
1048 1616 1083 1682 F.
1106 1616 1168 1693 Gt.

252 1727 276 1795 f.
290 1726 420 1792 20-24
439 1726 558 1810 primes
578 1725 654 1792 belli
668 1726 782 1793 Punici
801 1748 902 1794 annes
923 1733 1073 1794 tractant.
1116 1730 1141 1795 f.
1158 1731 1202 1795 20
1223 1730 1356 1816 Sagunti

253 1838 518 1924 expugnationem
538 1859 668 1923 prorsus
689 1858 710 1904 a
735 1840 991 1922 Oarttayinumi
1011 1843 1098 1926 apud
1118 1842 1226 1928 Polyb.
1248 1844 1280 1909 3.
1304 1845 1352 1910 17.

254 1949 358 2014 8-11
388 1950 543 2017 relatione
568 1950 793 2016 abhorrentem
821 1951 999 2020 Romanum
1020 1950 1171 2031 Fabium,
1207 1958 1244 2018 ut
1266 1959 1353 2042 puto,

252 2067 381 2129 secutus
393 2067 514 2128 narrat.
558 2060 768 2128 Consentiunt
784 2060 868 2126 enim
882 2060 1051 2140 Diodorus,
1069 2063 1220 2143 Zonaras,
1237 2063 1356 2147 Appia

251 2196 330 2255 nere,
357 2175 467 2243 rivius
490 2175 545 2259 qui
572 2173 662 2247 nulle
683 2173 777 2239 medo
799 2179 836 2241 ut
857 2171 891 2239 Ο.
913 2174 1006 2241 Peter
1026 2175 1225 2241 existimate
1248 2176 1355 2244 Sileno

214 2352 218 2357 ,
251 2288 394 2374 pendent
407 2287 600 2373 Saguntinos
619 2307 733 2353 aurum
753 2291 982 2371 argentumque
1002 2287 1177 2371 perdidisse
1197 2291 1354 2373 mortique

205 2391 206 2394 ¹
252 2400 383 2469 fortiter
403 2421 438 2468 se
458 2400 617 2468 obtulisse.
939 2410 941 2415 '
1312 2450 1324 2461 .,

252 2527 373 2586 Diodor.
386 2531 430 2584 25.
449 2530 485 2583 20
527 2527 794 2598 :zon.8.22(p.17e)
829 2526 903 2597 App.
916 2526 988 2582 Iber.
1002 2527 1037 2583 54
1142 2530 1304 2585 Liv.21.14

250 2626 308 2710 qui
330 2646 439 2692 omnes
461 2646 478 2691 e
533 2623 634 2691 Fabio
655 2624 840 2703 hauserunt,
891 2645 965 2690 eum
985 2625 1082 2692 verbo
1103 2632 1195 2694 tenus
1216 2628 1300 2695 inter
1320 2651 1355 2695 se

253 2738 462 2809 consentiant.

337 2850 360 2916 f.
383 2849 425 2913 21
454 2847 628 2914 Fabianam
657 2845 843 2913 relationem
871 2847 911 2914 de
937 2847 1076 2915 secunda
1097 2851 1242 2916 Romana
1261 2852 1347 2937 lega·

221 2969 226 2982 '
257 2961 344 3029 tione
364 2980 392 3026 a
408 2958 471 3025 218
493 2957 717 3041 Carthaginem
731 2957 838 3037 missa,
858 2963 895 3024 ut
915 2958 1034 3042 populo
1049 2959 1355 3045 Carthaginiensium

261 3072 380 3139 bellum
400 3070 555 3138 indiceret
575 3069 684 3147 tradit,
704 3069 739 3135 in
759 3090 825 3153 qua
846 3081 955 3137 ornnes
976 3073 1144 3156 scriptores
1159 3073 1292 3141 Fabium
1306 3096 1355 3142 se-

192 3250 194 3252 .
257 3187 391 3268 quentes
406 3175 547 3248 interne
568 3181 778 3247 consentiunt.

680 3308 800 3365 Diodor.
818 3309 861 3364 25.
880 3312 923 3365 21.

252 3404 271 3480 ἑ
294 3396 607 3496 πρεσβύτατοςσῶν
628 3403 665 3472 ἐκ
685 3409 745 3495 τῆς
760 3399 889 3492 Ῥώμης
903 3408 1130 3494 πεμφθέντων
1146 3418 1355 3497 πρεσβευτῶν

252 3516 287 3585 δν
315 3522 362 3605 τῷ
391 3513 546 3605 συνεδρίῳ
573 3520 639 3583 τῶν
660 3513 893 3606 Καρχηδονίων
923 3515 1030 3602 δείξας
1058 3527 1101 3611 τῇ
1121 3522 1275 3615 γερουσίᾳ
1295 3524 1354 3593 τὸν

251 3625 378 3696 κε’λπον
406 3625 509 3717 ἔφησε
535 3631 645 3717 φέρειν
666 3625 765 3695 αὑτὸν
787 3627 924 3718 κοίτην
946 3627 1073 3721 εἰρήνην
1093 3632 1151 3699 καί
1172 3633 1231 3702 τὸν
1253 3633 1353 3704 πόλε-

253 3759 331 3822 μον·
362 3730 561 3803 ἀπολείπειν
583 3728 640 3803 οὖν
661 3734 785 3805 τούτων
807 3735 969 3829 δπόυερυν
993 3736 1032 3807 ἂν
1054 3738 1087 3808 οἱ
1109 3749 1212 3829 Καρχ.
1236 3747 1355 3836 βυυλη-
1399 3776 1402 3781 ·

252 3852 353 3918 δῶσι.
376 3887 415 3899 -
451 3852 511 3914 τοῦ
531 3848 568 3916 δὲ
588 3853 653 3915 τῶν
676 3855 776 3937 Καρχ.
798 3851 958 3935 βασιλέως
981 3848 1135 3932 εἰπόντος
1156 3860 1271 3923 ποιεῖν
1292 3853 1354 3925 ου’-

253 3959 311 4028 τδν
333 3955 495 4047 ὁπότερον
517 3953 556 4025 dr
576 3955 730 4046 βούλοιτο
753 3958 815 4056 ἔφη
837 3962 917 4045 „vde
938 3961 1087 4048 πόλεμον
1109 3961 1256 4055 ἐφίημιίί.
1287 3974 1354 4036 τῶν
1421 4019 1426 4024 -

256 4072 293 4141 δὲ
315 4068 549 4162 Καρχηδονίων
569 4069 603 4140 σί
623 4068 760 4154 πλείους
780 4068 884 4155 εδθδς
905 4069 1086 4166 ἀνεβόησαν
1107 4077 1274 4161 δέχεσθαι.
