3038 4736
762 262 813 334 40

235 465 361 527 etcum
382 460 425 525 24
446 458 612 525 lictoribus
642 458 695 540 (cf.
718 458 785 525 Pol.
808 460 838 524 3.
861 459 912 526 87.
936 459 969 541 7)
994 458 1027 525 O.
1050 459 1182 526 Servilio
1206 458 1334 527 obviam

235 593 306 639 usse.

321 684 353 765 3)
383 704 411 748 o.
433 683 453 747 6
483 682 695 749 Hannibalem
724 704 829 749 errore
850 678 947 766 μετὰ
969 682 1135 748 δεῖπνον
1157 680 1333 748 Casilinum

236 815 258 861 a
279 795 412 862 ducibus
434 795 564 861 ductum
586 815 661 860 esse.

320 908 354 986 4)
382 928 409 974 1.
435 909 454 972 6
477 907 595 986 saltus,
628 907 742 989 quibus
762 905 923 973 Hannibal
944 928 962 971 1
984 906 1158 990 Campania
1179 907 1334 972 ducturus

235 1023 322 1097 erat,
355 1038 375 1082 a
397 1016 483 1081 4000
504 1016 656 1082 Romanis
677 1017 829 1082 militibus
850 1016 993 1082 obsessos
1008 1016 1109 1107 'fuisse
1131 1016 1187 1099 (cf.
1209 1017 1276 1081 Pol.
1300 1017 1336 1085 3.

236 1130 376 1210 92.10).

320 1238 355 1320 5)
383 1258 411 1304 1.
436 1237 453 1301 7
484 1236 618 1304 Fabium
646 1236 754 1303 dolum
781 1238 915 1303 sensisse
935 1237 1067 1304 bovibus
1089 1237 1278 1320 quibusdam
1298 1237 1335 1304 in

238 1359 345 1421 castra
364 1352 455 1417 Rom.
477 1349 685 1417 currentibus.
1275 1441 1277 1445 ι

321 1464 356 1546 6)
385 1462 455 1530 ab
485 1463 606 1529 Metelli
635 1462 798 1528 contiones
827 1461 927 1528 multo
955 1462 1056 1527 fusius
1083 1482 1180 1545 quam
1200 1482 1223 1527 a
1243 1461 1334 1529 Livio

236 1579 429 1652 namnam
463 1567 465 1573 ’

322 1686 355 1766 7)
384 1707 411 1750 c.
435 1686 473 1748 11
504 1685 538 1749 in
568 1683 660 1749 clade
686 1684 871 1773 Minuciana
893 1685 1052 1748 Numidas
1080 1685 1249 1769 praecipue
1270 1685 1335 1752 Ro-

236 1817 348 1885 manos
369 1798 548 1875 lacessisse,
578 1797 633 1879 qui
654 1818 674 1861 1
695 1796 762 1861 Liv.
786 1796 838 1860 22.
861 1796 902 1861 38
925 1815 990 1860 111
1011 1801 1174 1861 vocantur.

321 1911 354 1992 8)
377 1909 460 1977 alb
481 1909 661 1975 Terentium
680 1908 855 1974 Varronem
876 1914 951 1974 aute
973 1929 1111 1993 pugnam
1135 1908 1335 1974 Cannensem

236 2024 435 2091 commissam
457 2043 584 2107 pugnae
606 2021 731 2105 signum
750 2017 850 2102 χιτὼν
871 2015 1021 2097 κόκκινος
1041 2022 1075 2086 11
1094 2019 1253 2105 praetorio
1268 2017 1336 2083 ool-

236 2136 367 2202 locasse.

322 2246 357 2328 9)
382 2244 569 2311 Hannibalis
591 2243 688 2310 verba
710 2244 842 2328 Gisgoni
863 2243 958 2308 facta.
1035 2302 1039 2307 .

303 2356 357 2436 10)
385 2377 411 2420 1.
438 2356 476 2419 16
507 2355 687 2422 Cornelium
716 2354 905 2433 Lentulum,
936 2353 992 2436 qui
1019 2353 1183 2421 vulnerato
1213 2356 1337 2421 consuli

237 2466 370 2533 Aemilio
394 2486 508 2549 equum
531 2465 680 2531 obtulerit
702 2459 901 2550 εὐπατρίδης
920 2462 1025 2529 fuisso.

305 2579 358 2662 11)
382 2599 408 2642 1.
428 2577 464 2639 17
488 2596 553 2640 non
575 2575 795 2641 Maharbalem
817 2580 866 2655 (ut
889 2573 1034 2641 omnus
1056 2575 1095 2641 cf.
1119 2576 1198 2641 Gell.
1218 2577 1267 2641 10.
1283 2576 1334 2640 24.
1399 2564 1404 2573 ’

239 2691 270 2769 6,
291 2690 356 2756 niv.
377 2689 429 2754 22.
452 2687 629 2770 111-0111)
652 2688 708 2754 sed
729 2689 871 2753 Baream
893 2688 1009 2754 dixisse
1030 2685 1092 2770 „oi
1117 2693 1209 2777 νικᾷν
1231 2680 1333 2770 οἶδας,

238 2798 310 2891 νίκῃ
332 2800 369 2868 δὲ
388 2804 534 2890 χρῆσθαι
556 2795 615 2866 οὐκ
637 2791 762 2878 oioagf‘

322 2917 490 2983 Praeterea
510 2914 601 2980 Fabii
628 2933 732 2979 mores
759 2918 794 2978 et
820 2934 870 2979 res
898 2919 1006 2997 gestae
1026 2913 1059 2979 in
1081 2919 1150 2980 tota
1172 2914 1336 2982 Plutarchi

237 3030 304 3096 vita
324 3029 492 3113 praecipue
513 3031 719 3105 enarrantur3
740 3026 895 3091 nonnullo
917 3045 998 3107 quae
1019 3026 1105 3109 apud
1125 3026 1191 3092 Liv.
1207 3033 1335 3093 senatus

239 3141 437 3228 populusque
456 3122 617 3204 Romanus
636 3145 744 3221 agunt,
765 3138 850 3221 apud
872 3137 954 3203 Plut
977 3138 1019 3204 ad
1040 3139 1173 3205 Fabium
1193 3141 1336 3206 referun-

238 3259 292 3318 tur
314 3249 368 3331 (cf.
391 3248 473 3314 Plut.
494 3247 572 3313 Fab.
596 3249 617 3312 4
639 3253 671 3312 et
694 3248 757 3330 16).

324 3363 435 3427 Soltau
457 3361 491 3426 0.
512 3361 616 3427 Peteri
638 3360 825 3426 sententiam
847 3359 971 3427 Livium
999 3363 1100 3428 solum
1122 3384 1143 3429 a
1163 3363 1336 3431 Plutarcho

165 3511 167 3514 >
239 3474 274 3539 in
302 3492 394 3538 usum
422 3477 568 3537 vocatum
597 3474 664 3537 es'se
692 3492 762 3537 meo
791 3471 919 3554 quidem
946 3472 1062 3539 iudicio
1089 3479 1174 3540 recte
1201 3474 1336 3554 refellit3

239 3604 315 3650 nam
336 3582 621 3649 additamentorum
643 3605 808 3649 numerum
834 3588 960 3649 tantum
985 3586 1176 3665 invenimus,
1211 3592 1335 3652 utnon

239 3693 362 3759 Livium
382 3692 484 3757 solum
510 3692 565 3757 sed
586 3691 685 3758 alium
706 3712 832 3775 quoquc
854 3694 1039 3777 scriptorem
1060 3695 1265 3761 Plutarchum
1287 3717 1336 3762 se-
1410 3684 1414 3691 ’

240 3808 347 3871 cutum
369 3823 436 3868 esse
458 3802 599 3880 eluceat3
636 3802 747 3867 Soitau
769 3803 935 3869 Plutarchi
955 3804 1074 3871 fontem
1095 3805 1235 3871 Caelium
1260 3810 1333 3872 Ant.

239 3913 337 3979 fuisse
356 3911 552 3979 adsentiente
574 3911 613 3976 H.
634 3912 727 3977 Peter
749 3913 926 3992 existimat3
964 3914 1018 3980 sed
1046 3924 1232 3999 argumenta
1253 3937 1336 4000 quae

240 4025 283 4092 ad
304 4025 492 4093 sententiam
513 4023 731 4091 sustinendam
753 4023 884 4107 profert,
904 4025 1040 4109 probare
1061 4025 1235 4110 nequimus,
1261 4049 1334 4095 cum
