3038 4736
773 347 822 418 36

382 569 436 624 Dio
456 569 484 624 O.
504 569 539 623 fr.
558 573 601 624 54.
623 573 664 625 11.
897 571 1001 625 Fabius
1020 571 1050 623 in
1070 569 1130 623 Pol.
1148 569 1173 621 3.
1192 567 1218 619 8.
1236 568 1261 620 6.

252 661 309 729 καί
322 668 425 729 ταῦτα
434 665 546 748 μέντοι
562 659 681 743 αὐτὸς
694 658 783 731 καθ’
820 661 872 731 διὸ
893 665 950 732 καί
970 670 1026 731 νῦν
1040 661 1098 730 τὸν
1115 659 1261 744 πόλεμον
1276 661 1357 725 τοῦ·

253 772 371 842 αὑτὸν
414 769 503 842 ίίνευ
541 781 608 841 rosi
642 779 778 841 sessori
814 798 871 840 τον
900 773 1117 864 ἐξενηνοχέναι
1152 767 1250 838 κατὰ
1281 766 1353 858 τὴν
1475 851 1476 856 ¹

252 890 318 951 τῶν
332 884 561 975 Καρχηδονίων
581 886 782 972 κατέπραξεν
819 883 864 952 αὖ
871 891 940 952 τοῦ
961 881 1198 973 προαίρεσιν
1210 877 1355 964 Ῥωμαί-

253 1000 321 1065 κτλ.
819 1021 870 1077 οις
905 996 1012 1084 παρὰ
1047 994 1116 1085 τὴν
1153 993 1355 1081 Καρχηδο-
1475 983 1476 990 ¹

819 1107 911 1176 νίων
932 1106 1068 1197 γνώμην.

339 1326 514 1393 Fabianam
543 1329 731 1394 sententiam
760 1327 799 1393 de
829 1327 913 1392 bello
934 1327 976 1392 ab
997 1284 1177 1391 Hannibale
1198 1323 1353 1388 Romanis
1474 1322 1475 1325 ’

250 1436 343 1502 illato
375 1436 516 1520 legimus.
572 1437 697 1504 Bellum
726 1459 746 1503 a
774 1437 913 1503 faotione
942 1436 1079 1502 Barcina
1111 1441 1143 1500 et
1171 1434 1354 1500 Hannibale

253 1552 453 1611 contractum
483 1568 550 1612 esse
577 1547 610 1612 id
623 1548 757 1630 'saepius
780 1553 913 1630 apparet
933 1548 967 1611 in
987 1547 1128 1611 Zonarae
1148 1545 1353 1621 narratione3

253 1662 409 1722 memorat
440 1658 522 1722 enim
557 1679 626 1723 eam
659 1658 692 1722 Z.
715 1657 745 1720 8.
768 1658 810 1722 22
832 1661 876 1742 (p.
901 1657 973 1735 178)
1008 1652 1041 1721 οί
1075 1655 1111 1722 δὲ
1142 1660 1191 1743 τῷ
1215 1649 1354 1741 Ἀννίβᾳ
1392 1662 1394 1665 ’

253 1763 502 1851 προσκείμενοι,
541 1770 595 1852 qui
617 1771 751 1854 primam
772 1771 949 1861 Romanam
971 1769 1161 1853 legationem
1184 1767 1354 1848 Carthagi-

253 1901 327 1946 nem
348 1882 476 1947 missam
497 1881 665 1966 repellunt,
687 1881 716 1947 8.
740 1883 782 1947 22
805 1889 848 1965 (p.
875 1881 948 1960 180>
970 1875 1194 1968 ,,Ἀσδρούβας
1216 1870 1264 1958 εἷς
1284 1882 1354 1944 τῶν

251 1985 321 2055 ὑπὸ
349 1995 409 2056 τοῦ
437 1988 589 2074 Ἀννίβου
602 1990 1027 2077 .προπαρεσκευασμὲνων“,
1066 1993 1121 2074 qui
1150 1991 1184 2055 in
1213 1989 1354 2055 secunda

254 2101 411 2184 legatione
433 2102 561 2167 Annoni
583 2103 781 2186 optimatium
804 2103 877 2168 duci
898 2123 932 2168 se
953 2104 1084 2188 opponit
1106 2106 1138 2167 et
1158 2101 1276 2168 bellum
1297 2121 1354 2184 ge-
1479 2187 1481 2192 ,

253 2210 387 2277 rendum
409 2218 477 2277 esse
498 2218 615 2278 censet.

340 2323 485 2390 Secunda
507 2346 632 2408 quoque
654 2346 729 2409 pars
749 2325 835 2391 illius
856 2325 990 2390 Fabiani
1011 2325 1050 2391 fr.
1065 2325 1117 2404 25,
1140 2345 1223 2409 quae
1238 2346 1351 2391 secun-

252 2434 326 2500 dam
347 2434 524 2499 Romanam
546 2434 736 2518 legationem
756 2435 798 2501 ad
820 2435 938 2500 bellum
959 2434 1160 2501 indicendum
1183 2434 1351 2518 Carthagi·
1477 2482 1483 2491 .

252 2567 325 2611 nem
353 2546 481 2611 mnsam
510 2551 622 2610 narrat
653 2547 687 2610 in
715 2546 856 2612 Zonaras
888 2548 1071 2612 narratione
1102 2548 1275 2630 reperitur,
1310 2553 1350 2611 ut

252 2664 363 2744 postea
383 2657 565 2724 videbimus.
610 2659 696 2735 Quae
725 2658 841 2740 legatio
868 2680 887 2723 a
915 2659 1014 2725 Fabio
1043 2659 1163 2725 tradita
1183 2660 1217 2725 in
1240 2680 1349 2725 omnes

252 2771 420 2854 scriptores
440 2771 585 2848 transiit,
607 2774 640 2834 et
660 2769 746 2854 apud
767 2769 889 2835 Liuium
912 2777 949 2835 ut
969 2770 1054 2836 infra
1075 2771 1268 2850 videbimus,
1298 2772 1351 2836 bis

252 2883 418 2966 reperitur,
439 2882 466 2947 si
486 2872 567 2946 Livii
587 2882 752 2960 rationem,
774 2900 838 2963 qua
857 2882 960 2948 fontes
974 2884 1202 2950 contaminavit
1216 2889 1247 2950 et
1261 2904 1350 2949 com-

253 2990 368 3076 posuit,
389 2990 571 3073 diligentius
591 2990 828 3074 perlustramus,
1061 3003 1064 3009 '

339 3219 442 3285 Multa
462 3219 488 3283 F
489 3219 553 3285 abii
574 3219 767 3304 fragmenta,
790 3241 870 3303 quae
892 3220 997 3287 adhuc
1018 3229 1160 3303 exstant,
1181 3224 1215 3289 in
1237 3227 1348 3292 Dionis

253 3335 286 3398 et
305 3332 448 3397 Zonaras
468 3332 623 3398 relatione
644 3333 778 3399 inueniri
800 3332 951 3412 vidimus3
988 3341 1157 3419 propterea
1177 3337 1268 3403 Fabii
1289 3358 1350 3403 an·

253 3442 343 3507 nales
364 3461 384 3506 a
405 3439 438 3505 Ο.
463 3440 563 3507 Dione
584 3443 745 3527 inspectos
766 3463 833 3507 esse
855 3443 1023 3509 verisimile
1045 3451 1101 3508 ost.

338 3551 504 3617 Praeterea
535 3552 739 3618 Plutarchus
757 3573 881 3634 quoque
913 3553 997 3618 inter
1029 3554 1063 3618 Ο.
1100 3553 1210 3619 Dionis
1243 3554 1349 3619 fontes

254 3665 486 3731 enumerandus
507 3669 570 3743 est,
598 3672 635 3730 ut
657 3664 820 3730 Plutarchi
840 3666 906 3730 vita
926 3665 1053 3731 Romuli
1074 3672 1143 3732 tota
1163 3669 1196 3732 in
1217 3668 1293 3731 Zon.
1317 3667 1348 3731 7.

255 3774 339 3839 2-5
360 3775 524 3858 reperitur.

338 3887 476 3952 Tandem
499 3886 589 3951 illam
612 3887 828 3967 quaestionem
849 3886 1013 3953 instituere
1034 3908 1159 3970 quoque
1181 3888 1293 3966 liccat,
1319 3888 1350 3952 si

254 3996 352 4063 (laelii
372 3997 533 4081 Antipatri
553 3996 672 4061 bellum
694 3997 847 4064 Punicum
869 4018 888 4061 a
910 3996 1011 4061 Dione
1031 3998 1065 4061 in
1087 4018 1178 4062 usum
1200 4002 1348 4063 vocatum

254 4109 304 4174 sit.
350 4108 452 4174 Multa
472 4109 514 4174 ad
536 4130 606 4175 eam
627 4110 815 4176 sententiam
837 4108 917 4174 bene
932 4108 1101 4191 quadrant,
1123 4128 1256 4192 magnus
1272 4126 1350 4173 con-

1501 4116 1503 4145 l

1501 4166 1503 4203 l

1502 4272 1503 4297 l
