3038 4736
770 305 820 378 38

246 505 441 590 inexplorato
462 511 590 589 postero
611 506 663 573 dis
676 528 776 591 augn-
817 502 865 586 εἰς
889 503 929 573 τὸ
958 502 1070 574 στενὸν
1091 498 1346 593 ἀπερισκέπτως

247 616 315 682 stiis
337 616 518 700 superatis.
537 665 544 680 .
817 614 964 708 εἰσῆλθε.

332 729 395 797 Sed
426 751 536 797 omnes
559 731 621 799 hac
653 731 853 797 narrationes
884 732 1041 796 Zonaram
1072 730 1135 795 nisi
1165 728 1345 793 Romanum

246 841 434 926 scriptorem
464 849 605 907 secutum
636 862 704 908 esse
732 842 1011 920 necuciandum,
1046 840 1181 906 fortasse
1203 837 1346 903 (laelium

247 959 305 1019 aut
325 952 503 1018 Romanum
525 952 624 1018 (laelii
651 952 788 1032 fontem3
824 953 859 1018 in
886 953 1000 1037 pugnis
1027 949 1257 1028 descrihendis,
1290 948 1348 1017 ubi

247 1061 381 1128 Liviana
402 1065 544 1129 narratio
567 1064 708 1129 (laelium
731 1064 900 1148 praecipue
920 1069 1078 1147 sequitur,
1112 1062 1253 1126 Zonaras
1273 1058 1347 1124 hre-

247 1177 374 1242 vissime
395 1183 523 1256 narrat,
548 1182 585 1242 61
605 1177 672 1243 eius
693 1176 797 1241 fontes
818 1197 1010 1258 nequeamus
1031 1174 1218 1260 perspicere.

332 1285 370 1351 Id
398 1308 471 1353 vero
502 1287 675 1352 certissime
706 1285 840 1351 Dionem
869 1284 1011 1352 Gessium
1032 1284 1173 1350 Silenum
1203 1287 1347 1349 secutum

248 1418 334 1477 esse,
368 1399 454 1481 quod
483 1398 517 1464 Ο.
542 1399 635 1465 Peter
662 1397 742 1479 (Liv.
765 1403 797 1463 ct
818 1398 926 1483 Polyb.
947 1421 979 1483 p.
1002 1398 1056 1478 ,80)
1084 1403 1116 1463 61
1145 1395 1269 1481 Bujaclr
1291 1395 1347 1481 (de

248 1508 355 1574 Sileno
377 1509 531 1592 scriptore
552 1508 657 1573 Hann.
681 1530 710 1591 p.
736 1508 770 1588 6)
794 1508 1003 1592 scripserunt,
1033 1527 1149 1590 negare
1170 1525 1346 1590 possumus.

248 1618 340 1685 Fabii
368 1624 400 1684 et
428 1617 527 1684 Caelii
556 1619 689 1702 vestigia
713 1619 747 1683 in
769 1619 863 1686 rebus
884 1641 905 1684 a
924 1619 1049 1685 Zonara
1069 1617 1240 1684 narrandis
1259 1617 1348 1682 inve-

249 1729 390 1809 niuntur,
412 1749 494 1814 quae
515 1731 623 1796 omnia
644 1731 825 1794 Romanum
847 1730 914 1795 eius
934 1729 1054 1795 iontem
1077 1730 1310 1795 demonstrant.

712 1946 915 1957 —u-———

610 2252 660 2335 V.
716 2250 980 2335 Plutarchus.

219 2580 223 2585 ,
306 2494 383 2560 .De
404 2493 570 2560 Plutarchi
596 2495 738 2561 fontibus
766 2495 800 2560 in
828 2493 912 2560 bello
940 2493 1060 2559 Punico
1089 2495 1227 2560 secundo
1256 2517 1351 2562 cnar-

250 2605 353 2670 randc
375 2605 522 2672 disseruit
543 2606 581 2671 G.
606 2606 717 2671 Scltau
739 2606 846 2688 (Bcnn
870 2605 984 2685 1870),
1005 2606 1061 2687 qni
1082 2627 1153 2671 cum
1175 2605 1214 2670 Η.
1237 2607 1349 2674 Petcrc

251 2716 317 2794 (die
339 2716 396 2794 Qu.
418 2716 500 2781 Plut.
522 2718 557 2781 in
578 2717 609 2785 d.
632 2715 739 2782 Lehen
761 2716 818 2781 der
841 2716 958 2781 Riimer
978 2738 1009 2800 p.
1032 2715 1089 2798 56)
1110 2717 1145 2780 16
1168 2722 1238 2783 1616
1258 2717 1350 2784 Fabii

250 2827 332 2905 6116,
358 2848 424 2891 666
445 2819 567 2893 Livium
590 2849 611 2893 a
632 2827 804 2895 Plutarcho
826 2829 963 2895 accitum
987 2849 1055 2894 esse
1077 2829 1133 2894 sed
1155 2829 1236 2895 Livii
1255 2829 1351 2898 Vale·

249 2940 353 3021 riique
378 2938 511 3004 Maximi
538 2945 701 3006 auctorem
730 2940 871 3006 (laelium
892 2943 965 3006 Ant.
988 2941 1146 3025 intelligit.
1190 2942 1350 3008 Frieders-

251 3048 384 3115 dorffius
404 3050 438 3114 in
458 3052 643 3117 recensione
664 3053 883 3134 quaestionum
906 3053 1039 3118 Scltavii
1062 3053 1162 3134 (Gdtt.
1186 3055 1255 3121 (161.
1273 3057 1349 3120 Ans.

254 3160 349 3240 1871)
371 3181 441 3225 eum
463 3152 603 3228 refutare
624 3168 756 3228 conatus
779 3185 850 3229 cum
873 3162 943 3229 Gar.
964 3164 1078 3230 Petere
1101 3166 1223 3248 (Livius
1242 3167 1350 3253 11ch-

129 3342 134 3353 ,
252 3273 314 3358 lyb.
337 3265 434 3357 pta
456 3272 504 3356 ff.)
533 3273 622 3341 Livio
651 3275 721 3360 ipsc
750 3297 843 3342 usum
873 3296 941 3342 esse
961 3275 1170 3344 Plutarchum
1198 3277 1233 3342 in
1260 3276 1352 3344 Fabii

204 3468 207 3475 Ι
252 3381 320 3447 6116
341 3380 510 3448 existimat,

339 3488 460 3557 066666
487 3512 570 3574 qnae
597 3492 773 3562 Soltavium
799 3501 965 3563 moverunt
986 3501 1023 3563 ut
1043 3495 1075 3562 G.
1099 3497 1203 3567 Peteri
1225 3503 1352 3565 senten-

253 3602 318 3668 tiae
339 3600 480 3669 cbstaret
501 3608 576 3668 sunt
597 3602 674 3668 hae:

341 3714 374 3790 1)
401 3712 574 3779 6116164
600 3714 657 3794 (cf.
682 3714 752 3781 Liv.
783 3715 834 3780 22.
864 3717 982 3798 9-10)
1011 3717 1202 3784 Plutarchus
1228 3721 1352 3804 priscae

254 3825 411 3892 formulae
432 3826 529 3892 verba
549 3827 707 3895 nonnulla
728 3828 822 3894 addit
842 3823 946 3916 ,,ὁ’σην
965 3822 1103 3908 Ἰταλίας
1122 3823 1181 3918 ὅρη
1202 3833 1295 3898 κτλ.“
1382 3868 1399 3897 x

339 3935 374 4016 2)
403 3956 432 4001 6.
460 3935 536 4003 Fah.
570 3934 588 3999 7
621 3936 676 4020 (61.
699 3937 766 4003 hir.
790 3937 842 4002 22.
865 3938 920 4018 23)
952 3938 1074 4006 duabus
1104 3943 1353 4010 namatiunoulis

255 4047 467 4116 Hannibalem
499 4048 536 4127 Q.
565 4047 658 4116 Fabii
687 4047 772 4115 Max.
805 4048 973 4116 dictatoris
1005 4070 1082 4134 agro
1113 4053 1290 4138 pepercisse
1320 4058 1353 4119 61
