3038 4736
8 2718 15 2763 i

717 340 740 413 9

187 563 281 627 quem
302 542 365 608 hoc
385 541 464 609 loco
477 563 549 608 cum
569 542 633 608 illis
651 541 962 627 Carthaginiensibus
976 540 1181 627 scriptoribus
1196 546 1283 607 oom··

188 660 279 739 paret
301 644 369 738 (οἷα
390 649 537 743 γράφει),
558 675 617 739 pro
638 660 725 721 certo
747 654 908 720 habemus.

271 768 422 854 Polybius
435 769 519 834 enim
533 767 696 846 nonnulla,
718 788 800 850 quae
821 787 838 833 e
861 765 1114 849 Carthaginiensi
1134 765 1223 831 fonte
1239 774 1281 824 -z

190 877 329 945 Chaerea
351 879 523 964 Sosyloque
544 920 585 931 --
608 878 737 945 haurire
757 898 821 944 non
841 877 963 962 potuit,
994 875 1109 955 tradit3
1144 873 1283 958 primum

189 987 391 1055 laudant‘illi
411 989 580 1073 scriptores
603 989 669 1075 (20.
693 988 727 1075 3)
756 993 885 1054 senatus
907 986 1043 1052 Romani
1070 984 1283 1051 comtantiam

190 1096 262 1186 (τὴν
286 1095 485 1186 στυγνότητα
513 1101 572 1164 τοῦ
604 1092 771 1183 συνεδρίου
801 1091 1039 1182 παρεισάγουσι
1068 1088 1281 1176 θαυμάσιον),

189 1215 257 1276 tum
279 1211 429 1295 Polybius
458 1232 566 1277 eorum
594 1211 810 1276 narrationem
838 1213 1000 1274 senatores
1019 1206 1179 1271 Romanos
1200 1203 1283 1270 filios

189 1320 250 1386 XII
271 1341 372 1386 annos
401 1326 495 1386 natos
523 1321 558 1386 in
587 1324 716 1386 senatus
743 1319 863 1385 curiam
890 1302 995 1383 seeum
1021 1316 1148 1382 duxisse
1169 1335 1284 1382 vanam

188 1431 374 1513 irritamque
394 1436 488 1514 putat
509 1431 574 1514 (20.
597 1430 706 1515 3-4).

275 1544 426 1610 Attamen
445 1544 486 1610 ab
507 1543 578 1609 aliis
593 1563 719 1627 quoque
732 1542 905 1627 praeclaris
920 1540 1102 1608 auctoribus
1116 1541 1202 1606 hune
1217 1559 1284 1607 mo-

145 1660 148 1665 ’
190 1675 258 1720 rem
279 1655 429 1720 Romanis
449 1655 546 1720 fuisse
567 1654 722 1733 audimus,
744 1674 764 1718 a
783 1652 827 1718 M.
842 1653 963 1717 Ponc10
978 1652 1110 1718 Caroun
1134 1650 1187 1730 (cf.
1203 1649 1285 1715 Gell.

190 1766 220 1830 N
222 1816 229 1830 .
246 1767 283 1830 A.
303 1768 331 1831 1.
347 1766 390 1831 23
412 1766 565 1846 „historia
587 1765 627 1830 de
647 1764 775 1848 Papirio
789 1764 993 1830 Praetextato
1008 1763 1094 1829 dicta
1109 1763 1289 1846 scriptaque

190 1880 239 1940 est
266 1895 287 1939 a
314 1874 355 1938 M.
386 1873 506 1940 Catone
534 1876 569 1940 in
595 1875 748 1941 oratione.
792 1875 867 1938 Mos
889 1883 983 1936 anteo
1004 1871 1198 1936 senatoribus
1219 1872 1283 1935 Ro·
1331 1969 1333 1974 Α

190 2006 260 2049 mae
280 1985 347 2065 fuit
368 1985 403 2048 ic
425 1985 546 2051 cariam
568 2009 638 2052 eam
655 1986 861 2070 proalemctt's
870 1985 959 2070 filiis
980 1984 1168 2066 introire.“).

276 2098 364 2177 Quae
384 2118 457 2164 oum
477 2098 598 2181 optima
621 2100 767 2163 Romana
788 2098 918 2164 traditio
941 2099 991 2177 sit,
1012 2097 1078 2163 illis
1099 2095 1203 2162 verbis
1225 2096 1286 2161 Po-

71 2228 73 2237 ·
191 2212 310 2298 lybium
337 2231 402 2276 non
429 2210 604 2277 Chaeream
634 2212 841 2296 Sosylumque
872 2211 927 2277 sed
954 2209 1086 2276 Fabium
1108 2210 1286 2275 Romanum

195 2326 398 2410 scriptorem,
436 2324 491 2407 qui
512 2345 563 2389 res
585 2324 745 2389 Romanas
767 2324 884 2407 optime
904 2323 992 2388 novit
1012 2323 1149 2405 illasque
1169 2320 1288 2387 oratio-

191 2457 249 2501 nes
277 2435 389 2502 melius
422 2455 517 2516 quam
550 2434 825 2518 Carthaginienses
856 2441 1001 2500 auctores
1029 2432 1156 2499 tradere
1184 2432 1289 2517 potuit

192 2546 241 2630 (Ρ.
258 2546 287 2610 3.
312 2544 331 2609 8
353 2540 441 2610 dedu
462 2539 481 2609 d
504 2540 637 2632 γράφων
661 2541 789 2630 Φάβιος
808 2548 869 2611 τοῦ
890 2541 1056 2633 συνεδρίου
1075 2546 1202 2628 μετεῖχε
1223 2545 1288 2607 τῶν

188 2648 367 2735 Ῥωμαίων)
390 2653 628 2736 reprehendisse
651 2675 821 2720 censemus.
1224 2656 1228 2665 ’
1281 2718 1287 2726 ,

275 2765 444 2832 Praeterea
465 2766 600 2833 Dionem
623 2766 767 2833 Cassium
789 2767 825 2833 in
845 2768 1003 2852 prioribus
1024 2767 1229 2833 historiarum
1250 2766 1289 2831 li-

191 2877 257 2948 bris
278 2877 414 2944 fumasse
435 2878 569 2947 Fabium
590 2884 731 2945 secutum
754 2900 838 2959 esse,
871 2880 999 2945 minime
1019 2899 1093 2944 vero
1116 2877 1288 2944 Chaeream

192 2985 413 3072 Sosylumque,
434 2995 471 3054 ut
492 2989 528 3055 C.
551 2990 643 3056 Peter
663 2996 770 3073 putat,
792 2996 903 3074 postea
923 2989 1106 3056 videbimus.

277 3099 495 3167 Dio-Zonaras
510 3106 616 3167 autem
630 3102 750 3168 Romae
765 3102 898 3186 Sagunti
912 3102 1009 3168 excisi
1026 3101 1138 3166 nuntio
1157 3104 1289 3184 accepto

191 3209 311 3276 indicto
340 3216 453 3275 senatu
481 3209 583 3276 multa
612 3211 709 3277 verba
735 3210 822 3277 faeta
849 3232 917 3278 esse
945 3216 1057 3276 narrat
1077 3215 1110 3275 et
1130 3210 1289 3275 orationes

192 3320 228 3387 L.
250 3320 389 3387 Cornelii
409 3321 536 3388 Lentuli
557 3328 589 3388 et
610 3322 647 3401 Q.
669 3322 760 3389 Fabii
780 3322 929 3402 Maximi,
966 3343 1098 3406 quorum
1122 3322 1204 3387 alter
1221 3326 1290 3387 'sta-

193 3434 251 3498 tim
273 3433 392 3500 bellum
412 3433 655 3513 decernendum
677 3435 758 3500 alter
778 3435 866 3518 prius
887 3435 1009 3519 legatos
1030 3434 1200 3500 mittendos
1220 3454 1289 3501 esse

193 3544 282 3626 dixit,
304 3545 404 3612 tradit
425 3546 481 3628 (cl.
502 3545 563 3610 Dio
585 3545 620 3610 C.
644 3544 683 3610 ir.
706 3544 758 3625 54,
784 3544 890 3629 1-9).

195 3728 198 3734 ,
276 3655 425 3740 Polybius
454 3675 519 3720 non
547 3659 633 3719 reete
661 3654 767 3733 illam,
805 3674 888 3737 quae
908 3652 1052 3719 Fabiana
1078 3653 1290 3721 existimanda

193 3771 251 3845 est,
272 3766 487 3830 narrationem
508 3763 642 3843 refellit3
663 3764 823 3830 Romanos
843 3769 910 3829 tam
932 3768 1050 3830 temere
1069 3763 1289 3847 gravissimum
1395 3762 1401 3769 ‘

193 3873 313 3940 bellum
334 3873 508 3958 suscepisse
528 3893 631 3954 neque
651 3872 739 3954 prius
753 3892 864 3956 paoem
880 3872 1035 3937 sustinere
1049 3876 1189 3938 tentasse
1202 3871 1290 3937 haud

193 3985 342 4051 credibile
365 3989 431 4064 est3
466 3988 560 4050 erant
582 3987 666 4049 certe
687 3983 779 4048 multi
801 3983 936 4062 Romae,
972 3983 1027 4066 qui
1053 4003 1164 4068 paoem
1193 4004 1289 4067 qnam

193 4095 314 4166 bellum
333 4097 481 4176 mallent,
503 4101 540 4161 ut
561 4093 752 4179 Carthagine
772 4114 898 4179 quoque
918 4094 1089 4162 Barcinam
1108 4100 1204 4183 atque
1223 4094 1290 4161 An·
