3038 4736
740 345 798 418 60²

218 548 337 614 nelium
359 548 537 632 Scipionem
556 548 739 616 Africanum
760 548 980 633 pubescentem
996 547 1030 611 P.
1050 547 1228 631 Scipionem
1243 567 1319 612 con-

219 662 319 728 sulem
341 682 480 728 servasse
502 661 601 728 tradit
623 661 676 742 (ef.
695 661 763 727 Pol.
783 663 828 726 10.
846 660 876 740 3,
897 661 973 726 Zon.
990 659 1019 725 8.
1040 659 1082 725 24
1103 681 1134 744 p.
1153 659 1224 739 184,
1246 659 1317 725 Val.

219 772 304 838 Max.
326 772 356 838 b.
380 773 411 837 4.
434 774 478 855 2).

304 883 404 961 Quam
426 883 489 947 vim
511 882 616 948 Livius
633 882 802 947 Caelianae
816 881 992 947 narrationi
1007 879 1199 959 attribuerit,
1221 879 1318 946 verba

218 994 347 1074 „malim
376 994 521 1077 equidem
548 995 587 1060 de
615 993 681 1061 filio
711 1016 818 1060 verum
840 994 1014 1076 essequod
1038 998 1070 1059 et
1093 993 1199 1077 plures
1218 991 1318 1057 tradi-

218 1104 294 1171 dere
314 1110 460 1171 auctores
482 1105 621 1170 etfama
643 1105 810 1183 obtinuit‚“
833 1105 1012 1171 ostendunt.

303 1216 337 1295 2)
359 1236 384 1281 c.
401 1215 443 1279 47
466 1216 505 1281 de
527 1216 716 1282 Hannibalis
739 1216 816 1282 Padi
837 1219 975 1282 transstu
996 1216 1103 1281 Livius
1126 1214 1225 1281 Caelii
1243 1234 1318 1280 nar-

218 1326 374 1392 rationem
396 1326 450 1409 (ci.
474 1327 550 1392 Zon.
566 1326 595 1390 8.
613 1327 655 1390 24
676 1348 707 1410 p.
726 1327 799 1405 184)
820 1328 997 1411 potioribus
1016 1325 1198 1393 auctoribus
1219 1346 1318 1409 oppo-
1428 1381 1431 1384 .
1495 1312 1511 1337 '¹

218 1436 283 1515 nit,
311 1456 374 1519 quo
396 1435 466 1501 loco
488 1441 572 1501 certe
594 1457 657 1502 non
682 1437 846 1522 Polybium
867 1444 905 1503 ut
926 1438 958 1504 C.
982 1439 1074 1504 Peter
1096 1438 1255 1503 existimat
1275 1475 1318 1487 -

217 1549 353 1615 fortasse
380 1554 486 1614 autem
513 1549 579 1614 eius
600 1549 719 1615 fontem
742 1549 882 1615 Silenum
903 1550 1007 1615 verbis
1029 1551 1188 1634 „potiores
1207 1554 1320 1616 aucto-

218 1667 294 1725 res“·
311 1660 469 1738 nominat,
502 1681 574 1725 cum
597 1659 721 1726 Caelius
741 1661 802 1727 hoc
823 1662 895 1728 loco
917 1668 950 1727 et
970 1662 1068 1728 Sileni
1089 1668 1122 1727 et
1143 1661 1318 1726 Romanam

218 1772 422 1839 traditionem
443 1773 619 1859 protulerit.

645 1996 649 2001 -
749 1969 785 2022 11.
854 1954 867 1989 *v

304 2115 331 2160 c.
354 2091 479 2156 49--51
508 2092 542 2156 in
569 2090 663 2157 rebus
690 2091 856 2156 maritimis
877 2091 962 2158 circa
984 2092 1122 2159 Siciliam
1143 2094 1318 2176 italiaeque

218 2208 339 2275 insulas
368 2206 464 2292 gestis
493 2203 679 2270 enarrandis
708 2205 896 2286 cognomina
921 2205 1036 2269 omissa
1062 2204 1093 2271 S.
1117 2206 1319 2289 Pomponius,

218 2319 262 2384 Ti.
285 2315 505 2401 Sempronius,
541 2312 584 2377 M.
608 2312 776 2391 Aemihus,
812 2312 903 2396 parvi
931 2314 1054 2379 numeri
1083 2314 1141 2392 (25
1169 2313 1320 2392 naresi,

217 2432 261 2497 50
282 2453 313 2496 n.
340 2432 379 2495 10
400 2431 467 2515 n),
488 2426 622 2510 simplex
643 2447 681 2492 ac
702 2425 814 2510 pulcra
835 2427 979 2492 narratio
1001 2425 1041 2492 de
1064 2433 1220 2492 conventu
1242 2447 1315 2492 con·
1340 2500 1344 2507 ¹

218 2542 295 2607 sulis
315 2539 451 2606 Romani
476 2537 522 2603 Ti.
545 2537 722 2619 Sempronii
751 2557 823 2602 cum
850 2558 924 2622 rege
952 2537 1089 2605 Hierone
1118 2538 1152 2603 in
1180 2543 1317 2604 veterem

218 2652 395 2717 Romanum
417 2650 602 2734 scriptorem
624 2648 841 2714 demonstrare
861 2649 940 2715 mihi
953 2651 1100 2716 videntur
1113 2657 1170 2717 aut
1183 2651 1316 2717 Fabium

218 2769 275 2829 aut
303 2762 460 2842 anlium;
496 2783 571 2827 nam
601 2783 673 2828 eum
702 2781 827 2844 quoque
858 2782 910 2828 res
941 2763 1117 2828 maritimas
1147 2763 1316 2828 memoriae

218 2873 386 2940 mandasse
414 2874 453 2940 fr.
480 2873 519 2938 12
543 2874 650 2955 (Peter
671 2896 702 2959 p.
728 2874 803 2952 150)
826 2874 965 2940 ostendit
986 2875 1212 2958 „Sempronius
1233 2873 1316 2939 celo-

218 3007 286 3051 cem
308 2985 459 3070 Lilybaeo
480 2986 514 3050 in
535 2986 674 3052 Africam
696 2987 794 3051 mittit
815 2987 916 3053 visere
942 2987 1047 3052 locum
1068 2984 1123 3051 ubi
1144 2985 1316 3051 exercitum

219 3101 386 3182 exponat.“

740 3287 788 3341 111.

303 3432 330 3477 c.
346 3409 472 3474 52-56
493 3409 604 3492 Pugna
624 3406 666 3474 ad
680 3408 826 3474 Trebiam
847 3409 1014 3473 commissa
1035 3414 1184 3474 narratur
1205 3409 1316 3476 eOoe-

218 3520 262 3585 lio
285 3518 340 3599 (cf.
363 3516 533 3583 Boettcher
553 3537 584 3600 p.
601 3515 800 3602 398-402),
826 3518 882 3600 qui
904 3516 1179 3601 Carthaginienses
1199 3519 1315 3584 Roma—

216 3651 338 3713 nasque
358 3630 545 3696 traditiones
567 3630 751 3712 composuit.
795 3629 971 3696 Romanam
993 3630 1094 3709 enim,
1133 3650 1230 3713 equos
1251 3631 1315 3695 Ro-

217 3760 329 3806 manos
350 3761 415 3805 non
435 3741 504 3806 visu
526 3738 620 3805 modo
642 3738 697 3804 sed
719 3738 815 3805 odore
835 3742 964 3807 insolito
986 3742 1227 3827 elephantorum
1248 3748 1314 3808 ter·
1419 3768 1423 3775 ¹

217 3851 296 3917 ritos
324 3850 431 3935 fugam
459 3851 570 3916 fecisse
598 3850 769 3933 velitesque
795 3852 956 3919 Romanos
977 3854 1163 3940 elephantos
1188 3855 1314 3921 fortiter

217 3960 419 4044 impugnasse
440 3959 494 4038 (ci.
516 3962 597 4045 App.
620 3961 724 4027 Hann.
749 3962 767 4026 7
789 3984 819 4046 p.
846 3966 919 4045 116)
942 3966 1095 4031 existimo.
