3038 4736
751 291 774 363 8

219 490 380 576 perlucide
405 513 513 560 omncs
539 492 624 559 illius
647 490 723 560 belli
745 513 857 560 causas
879 512 912 558 se
932 494 1136 557 narraturum
1158 512 1225 559 esse
1246 493 1327 578 pol-⁸

219 602 341 670 licetur.

310 713 341 779 3.
385 713 460 779 Pon
477 715 507 779 2.
528 715 571 779 40
591 715 613 778 4
633 715 725 782 Arati
739 714 877 800 Sicyonii
894 707 1208 800 ὑπομνηματισμούς
1221 713 1255 779 in
1268 735 1318 780 re-

219 824 278 891 bus
299 824 429 892 Graecis
450 826 635 891 enarrandis
656 826 816 906 nominat,
839 847 933 908 quem
954 824 1153 909 Phylarcho,
1175 825 1229 907 qui
1250 824 1317 890 alia

220 938 369 1018 omiserit,
390 937 456 1003 alia
477 937 648 1018 effinxerit,
669 938 734 1003 alia
755 937 966 1018 imminuerit,
988 942 1044 1003 aut
1064 937 1202 1016 auxerit,
1224 958 1317 1021 prae-

223 1049 294 1115 fert.

303 1160 334 1224 4.
378 1159 454 1223 Pon.
477 1159 507 1222 3.
530 1159 550 1223 6
571 1159 742 1225 nonnullos
763 1153 845 1226 ἔνιοι
866 1161 932 1223 τῶν
952 1151 1160 1246 γεγραφότων
1173 1153 1234 1236 τὰς
1247 1151 1317 1222 κατ’

212 1263 367 1355 Ἀννίβαν
394 1267 531 1357 πράξεις
552 1275 793 1351 commemorat,
829 1271 885 1354 qui
907 1291 1018 1336 causas
1040 1268 1116 1335 belli
1137 1268 1248 1334 Punici
1270 1287 1317 1334 se·

222 1383 317 1450 cundi
343 1382 477 1467 Sagunti
506 1381 773 1466 oppugnationem
802 1387 834 1447 et
861 1380 1051 1447 Hannibalis
1071 1378 1181 1445 iliberi
1202 1379 1318 1445 transi-

219 1498 288 1559 tum
310 1492 462 1572 dixerint,
490 1513 569 1574 quas
592 1512 657 1557 non
678 1512 791 1557 causas
813 1485 952 1576 (αἰτίας)
964 1490 1031 1558 sed
1051 1490 1226 1574 primordia
1247 1482 1318 1574 (ἆρ-

218 1598 290 1685 χάς)
313 1603 391 1669 belli
411 1603 508 1669 fuisse
530 1602 675 1669 ostendit,
727 1603 847 1683 Quibus
869 1602 1185 1688 Carthaginiensibus
1207 1606 1317 1668 aucto·

219 1715 307 1781 ribus
1251 1720 1254 1725 '

304 1824 335 1890 b.
379 1824 456 1889 Pon.
480 1824 509 1890 3.
534 1823 558 1887 81
580 1823 684 1891 verbis
716 1819 843 1907 Φάβιος
873 1820 910 1888 δὲ
938 1815 1163 1904 ὁῬωμαῖκὸς
1184 1843 1319 1909 συγγρα-

220 1931 301 2024 φεύς
321 1927 456 2002 Fabium
478 1936 627 2020 opponit,
658 1935 713 2018 qui
734 1941 860 2019 praeter
881 1936 1056 2018 Saguntum
1078 1937 1217 2002 excisum
1238 1937 1320 2003 Has-.

222 2045 364 2140 drubalis
384 2044 636 2129 Hannibalisque
661 2045 867 2111 ambitionem
895 2046 1111 2130 regnandique
1141 2048 1320 2131 cupidinem

220 2155 297 2221 belli
316 2155 428 2222 Punici
449 2157 580 2223 secundi
602 2177 713 2222 causas
736 2155 832 2247 fuisse
854 2156 949 2235 dicat,
972 2162 1005 2223 et
1025 2157 1236 2224 Hannibalem
1250 2159 1319 2226 bel·

220 2265 287 2336 lum
313 2266 447 2350 gessisse
474 2272 586 2334 contra
612 2269 856 2352 magistratuum
878 2267 1191 2352 Carthaginiensium
1211 2272 1323 2337 volun·

219 2382 328 2444 tatem.
833 2460 835 2463 v

242 2506 267 2514 ·’
304 2489 449 2573 Utraque
474 2495 570 2573 'parte
597 2490 710 2555 audita·
735 2488 885 2574 Polybius
906 2511 996 2555 suam
1018 2488 1111 2557 aiiert
1130 2492 1319 2576 opinionem,

220 2622 260 2666 ex
282 2621 346 2684 qua
366 2588 459 2667 ierac
481 2600 557 2667 belli
577 2622 690 2668 causae
711 2600 840 2669 fuerunt
858 2602 995 2684 primum
1011 2601 1117 2668 odium
1131 2603 1319 2669 Hamilcaris

222 2711 342 2776 Barcae
362 2711 397 2775 in
417 2711 594 2790 Romanos,
625 2717 694 2776 tum
724 2710 1031 2794 Carthaginiensium
1058 2713 1106 2778 ira
1136 2712 1175 2779 de
1203 2715 1319 2779 amissa

221 2823 387 2902 Sardinia,
421 2823 556 2908 denique
583 2823 738 2908 Hispania
769 2823 932 2889 celerrime
961 2845 981 2889 a
1010 2823 1319 2910 Carthaginiensibus

220 2931 362 3001 subacta

259 3091 262 3096 -
304 3045 336 3109 6.
376 3038 455 3110 Pon.
478 3045 508 3110 3.
530 3045 580 3110 201
600 3046 635 3111 in
655 3046 826 3112 nonnullos
851 3039 936 3112 ἔνιοι
955 3049 1020 3110 τῶν
1043 3042 1251 3134 σαγγραφεῖαν
1270 3048 1320 3114 in·

125 3190 130 3199 ·
221 3156 363 3236 uehitur,
399 3149 454 3238 qui
482 3147 558 3241 post
574 3156 751 3241 Saguntum
772 3156 911 3223 excisum
933 3156 1093 3221 Romanos
1114 3158 1320 3238 consuluisse,

222 3275 329 3336 utrum
357 3269 511 3335 inferrent
532 3267 846 3352 Carthaginiensibus
868 3266 987 3333 bellum
1008 3288 1133 3347 annon,
1170 3290 1320 3335 narrave-

222 3382 288 3448 rint
317 3388 349 3449 et
379 3383 537 3448 crationes
564 3383 598 3447 in
626 3382 770 3447 Romano
798 3384 910 3445 senatu
937 3379 976 3445 de
997 3380 1082 3446 bello
1104 3381 1241 3465 gerendo
1262 3383 1320 3448 ha·

223 3495 307 3562 bitae
328 3494 526 3560 tradiderint.
577 3493 743 3574 Polybium
772 3491 876 3557 verbis
903 3486 1011 3577 „apic
1030 3489 1091 3575 μὲν
1112 3482 1169 3558 οὖν
1189 3489 1231 3558 τὰ
1252 3516 1321 3559 τοι·

223 3610 306 3673 αὕτα
327 3609 393 3673 τῶν
418 3601 687 3694 συγγραμμάτων
703 3590 758 3668 oia
787 3602 921 3684 (qualia)
950 3599 1068 3690 γράφει
1093 3603 1238 3689 Χαιρέας
1264 3600 1320 3670 καὶ

224 3712 375 3794 Σωσύλος
403 3709 500 3782 οὐδὲν
521 3708 569 3805 ἂν
598 3713 669 3781 δέοι
690 3711 793 3778 πλέον
825 3711 930 3796 λέγειν
960 3711 1053 3776 κτλ,“
1085 3713 1120 3777 in
1148 3711 1320 3780 Chaeream

225 3835 257 3895 et
283 3829 428 3914 Sosylum
452 3827 557 3892 invehi
585 3825 619 3891 C.
640 3826 770 3891 Peterus
799 3824 916 3907 aliique
934 3824 1183 3904 ‹existimarunt3
1218 3846 1321 3908 neque

224 3943 333 4006 tamen
353 3937 392 4004 iis
413 3937 572 4003 adsentire
584 3952 774 4019 'pessumum
799 3935 900 4000 multo
922 3934 1023 4018 magis
1035 3934 1231 4018 'iisqucque
1251 3957 1320 4001 ver·

225 4051 276 4123 bis
302 4071 379 4117 eum
407 4049 442 4115 in
470 4048 606 4114 Fabium
635 4047 813 4117 Romanum
842 4047 1028 4132 scriptorem
1060 4047 1320 4116 animadvertisse
