3038 4736
770 313 820 384 44

417 609 511 700 Vll.
571 609 723 696 Livius
752 615 778 696 l.
810 613 921 697 XXI
951 624 993 698 et
1023 613 1165 696 XXII.

333 839 575 918 Quaestionibus
606 841 645 906 de
673 841 754 908 Livii
781 841 922 908 fontibus
944 863 1009 907 non
1030 841 1197 907 defuerunt
1217 842 1272 924 qui
1292 841 1345 905 in·

245 951 420 1018 rubuerint.
1121 1004 1124 1007 .

331 1065 555 1148 Boettcherus‚
593 1070 647 1153 qui
677 1091 777 1152 nuper
807 1068 846 1134 de
875 1068 936 1133 hae
965 1088 999 1132 re
1030 1066 1152 1150 egregie
1184 1064 1347 1133 disseruit

245 1197 370 1258 omnes,
407 1181 461 1261 qui
490 1181 578 1246 illam
605 1182 640 1247 in
668 1182 884 1265 quaestionem
905 1184 1113 1257 vocaverunt,
1149 1174 1344 1242 enumeravit
1440 1166 1444 1173 ’

245 1289 341 1363 (Krit.
363 1290 553 1358 Untersuch.
583 1294 635 1361 iib.
665 1294 695 1359 d,
727 1294 784 1371 Qu.
816 1294 870 1358 des
899 1292 1005 1357 Liuius
1030 1292 1074 1356 im
1101 1290 1152 1354 21.
1174 1313 1204 1354 u.
1228 1289 1278 1353 22.
1302 1287 1340 1352 Β.

246 1400 396 1467 Fleckeis.
419 1402 487 1469 Ibb.
510 1404 676 1488 bSupplb.
703 1403 787 1466 1869
807 1425 837 1485 p.
855 1401 942 1483 354).
988 1401 1186 1482 Quamquam
1206 1398 1342 1463 multum

171 1518 180 1533 ¹
248 1531 319 1574 eum
340 1510 511 1594 profecisse
533 1534 591 1596 pro
614 1518 700 1578 certo
721 1512 842 1591 habeo,
864 1533 936 1577 eum
959 1510 1057 1576 Caelii
1080 1515 1112 1574 et
1133 1530 1197 1573 non
1219 1507 1344 1592 Polybii

245 1622 377 1705 vestigia
405 1622 438 1687 in
468 1622 600 1689 Liviana
628 1624 811 1689 narratione
840 1623 1022 1705 indagaret,
1059 1621 1123 1686 iam
1154 1618 1341 1684 Schaeferus

245 1732 371 1818 (Sybels
393 1734 466 1798 hist.
485 1735 607 1800 Ztschr.
630 1736 672 1799 23
693 1758 724 1819 p.
740 1735 818 1813 436)
840 1754 904 1799 non
926 1740 1011 1799 recte
1025 1731 1249 1798 Boetteherum
1264 1729 1339 1794 an-

246 1844 323 1909 lium
344 1845 472 1911 unicum
494 1846 574 1911 Livii
596 1852 757 1912 auctorem
779 1847 974 1912 existimasse
996 1842 1231 1909 demonstrauit.

332 2057 495 2124 Nissenius
525 2059 580 2123 diu
601 2061 665 2125 iam
687 2060 809 2125 Livium
831 2060 865 2123 in
886 2058 976 2124 libris
998 2079 1027 2122 a.
1048 2080 1078 2121 u.
1103 2078 1129 2122 o.
1152 2076 1343 2139 componen-
1428 2084 1432 2091 ·

248 2169 296 2233 dis
319 2170 472 2234 maximos
494 2191 533 2236 ao
556 2173 735 2236 notissimos
758 2172 905 2250 annales,
933 2172 988 2253 qui
1009 2170 1202 2248 exstiterint,
1224 2169 1344 2234 Valerii

249 2279 385 2344 Antiatis
407 2280 440 2344 in
461 2301 553 2346 usum
576 2302 704 2346 vocasse
726 2282 873 2360 ostendit,
896 2302 990 2365 super
1004 2282 1089 2365 quod
1104 2281 1343 2346 fundamentum

247 2393 471 2459 additamentis
503 2415 542 2459 ex
570 2394 640 2459 aliis
671 2396 833 2460 annalium
868 2395 1073 2479 scriptoribus
1106 2395 1232 2460 insertis
1265 2414 1344 2477 opus

249 2526 338 2570 suum
362 2507 525 2571 exstruxit.
571 2507 770 2591 Quapropter
791 2508 897 2573 Liuius
919 2529 1044 2590 quoque
1067 2527 1189 2572 summa
1211 2507 1345 2590 diligen·

245 2617 292 2680 tia
313 2615 417 2698 gentis
438 2614 585 2680 Valeriae
613 2617 792 2700 triumphos
820 2618 968 2682 victorias
996 2624 1029 2682 et
1057 2616 1240 2681 consulatus
1267 2637 1344 2681 enu-

247 2727 396 2805 meravit,
432 2749 502 2792 eum
531 2728 676 2793 Valerius
699 2729 810 2794 Antias
838 2729 939 2813 gentis
962 2749 1038 2794 suae
1068 2729 1202 2812 gloriam
1230 2749 1345 2812 augere

250 2838 397 2902 studeret.

331 2948 462 3032 Saepius
484 2949 590 3014 Livius
606 2948 724 3014 Valerii
745 2950 935 3014 dictaturam
958 2968 1153 3031 magnasque
1175 2949 1216 3012 ab
1238 2968 1274 3013 eo
1293 2968 1344 3012 res

246 3064 351 3145 gestas
372 3060 472 3125 tradit
493 3060 579 3124 etin
597 3059 790 3124 narrationis
810 3058 873 3123 fine
894 3057 1001 3136 aliam,
1022 3076 1189 3152 quae‘non
1211 3055 1345 3121 dictato-

245 3192 315 3237 rem
338 3170 501 3241 Valerium
523 3156 578 3234 sed
601 3171 745 3235 consules
767 3170 843 3235 anni
863 3190 930 3234 rem
951 3169 1083 3253 gessisse
1104 3168 1212 3245 tradit,
1233 3167 1345 3232 adiun-

248 3285 294 3368 git
316 3282 371 3366 (of.
394 3282 461 3347 Liv.
485 3284 514 3347 l.
536 3284 589 3363 42,
614 3285 662 3348 10.
687 3284 732 3358 3).
776 3284 863 3361 EQ.
886 3282 976 3347 Fabii
997 3282 1146 3360 Pistoris,
1181 3280 1347 3363 Calpurnii

247 3397 390 3474 Pisonis,
413 3395 537 3460 Claudii
559 3396 696 3475 Quadr,
727 3396 809 3460 Aelii
829 3393 1001 3459 Tuberonis
1024 3395 1082 3456 eto.
1104 3390 1272 3456 annalibus
1293 3409 1344 3455 res

249 3530 270 3575 a
290 3507 419 3574 Valerio
441 3508 568 3572 Antiate
589 3508 724 3574 traditas
746 3506 882 3590 augebat
902 3510 997 3586 atque
1018 3501 1207 3578 exornabat,
1228 3501 1274 3566 ita
1295 3504 1345 3566 ta-

247 3642 320 3686 men
349 3625 386 3686 ut
414 3600 599 3703 plerumque
627 3620 765 3703 primum
793 3639 843 3682 res
871 3638 892 3681 a
913 3615 1039 3682 Valerio
1062 3614 1190 3678 Antiate
1210 3613 1345 3678 traditas

247 3737 411 3810 narraret,
431 3736 501 3796 tum
523 3731 589 3796 alia
610 3753 650 3797 ex
671 3730 741 3796 aliis
763 3730 895 3795 adderet
915 3734 971 3792 aut
992 3725 1190 3803 emendaret,
1213 3725 1253 3790 cf.
1277 3725 1343 3790 Liv.

250 3847 300 3910 10.
322 3845 383 3923 37,
418 3844 473 3909 ubi
501 3865 551 3910 res
578 3865 606 3909 a.
629 3842 694 3908 294
720 3847 824 3925 gestas
845 3841 981 3925 primum
1003 3860 1042 3904 ex
1063 3840 1184 3904 incerto
1206 3837 1345 3919 quodam

248 3962 379 4025 auctore
399 3957 540 4041 (Valerio
557 3955 734 4039 antistet),
755 3959 824 4018 tum
844 3952 970 4018 breuius
991 3971 1008 4015 e
1029 3948 1161 4015 Claudio
1183 3948 1346 4031 Fabioque

247 4072 368 4136 narrat.
