3038 4736
785 251 836 324 28

345 473 373 518 c.
395 452 521 519 10-12
540 454 716 539 primordia
737 454 813 523 belli
833 476 933 539 usque
956 455 998 522 ad
1019 455 1196 541 Saguntum
1218 458 1359 524 excisum

261 562 380 630 traditi.
1351 624 1354 625 a

346 673 394 739 De
414 674 480 740 litis
500 676 583 742 inter
604 676 795 762 Saguntinos
808 677 1056 761 Torboletasque
1078 678 1160 759 (liv.
1176 679 1228 743 21.
1246 678 1360 744 6Tur-

260 783 405 870 detanos)
427 787 607 871 primordiis
631 790 793 874 Appianas
814 789 969 855 nonnulla
990 808 1072 854 nora
1093 809 1131 856 ac
1153 789 1288 855 certiora
1308 789 1358 854 af-

260 896 332 965 fert.
376 898 568 985 Sagrmtinos
595 922 615 966 a
644 900 820 968 Torboletis
848 902 1011 968 lacessitos
1041 903 1162 987 legatos
1192 902 1359 986 Carthagi·

260 1032 332 1077 nem
354 1012 484 1092 misisse,
506 1013 718 1093 Hannibalem
740 997 848 1080 tamen
870 1019 1015 1080 senatum
1037 1015 1202 1099 deceptum
1225 1035 1262 1080 66
1284 1036 1358 1100 pera

261 1122 411 1202 movisse,
447 1128 484 1189 ut
512 1124 573 1190 sibi
600 1124 768 1191 mandaret
789 1121 977 1213 ,precessor
999 1121 1033 1202 ἐς
1055 1120 1285 1204 Ζακανθαίους
1304 1121 1359 1192 ὅτι

260 1230 497 1319 δοκιμάσειενίί,
531 1243 600 1302 tum
629 1236 821 1321 Saguntinos
849 1239 883 1302 in
913 1238 1089 1304 Romanam
1118 1237 1214 1304 fidem
1243 1260 1277 1305 66
1304 1238 1360 1304 de-

260 1346 360 1426 disse,
397 1369 479 1430 quae
507 1349 613 1414 omnia
642 1350 754 1415 melius
780 1371 877 1432 quam
904 1350 1010 1416 Livius
1040 1356 1073 1416 et
1102 1350 1267 1436 Polybius,
1302 1352 1358 1434 qui

260 1457 398 1525 breviter
418 1465 543 1526 tantum
564 1461 623 1526 has
643 1482 694 1527 res
716 1464 894 1547 attingunt,
922 1469 1043 1529 narrat.

345 1556 477 1658 Sagunti
499 1575 762 1659 expugnationem
787 1575 839 1648 (cf.
864 1599 894 1661 p.
917 1576 993 1655 24),
1024 1576 1158 1660 primam
1179 1576 1356 1641 Romanam

260 1683 449 1769 legationem
470 1685 505 1750 in
525 1684 713 1769 Hispaniam
741 1686 870 1751 missam
900 1686 1019 1768 absque
1046 1686 1226 1752 Hannibale
1251 1684 1357 1770 repul-

260 1814 328 1863 sam
350 1796 542 1881 Carthagine
564 1796 709 1879 querelas
730 1797 915 1881 protulisse,
942 1797 1062 1862 Romae
1084 1797 1217 1861 consilia
1238 1796 1277 1861 ds
1299 1816 1356 1861 au-

259 1906 336 1972 xilio
357 1906 512 1972 mittendo
530 1907 619 1984 inita,
646 1905 725 1970 haec
748 1907 854 1971 omnia
874 1905 960 1991 apud
984 1905 1167 1985 Diodorum,
1188 1907 1356 1984 Zonaram,

259 2020 392 2099 Livium,
414 2019 470 2103 qui
489 2018 622 2085 annales
644 2024 827 2100 sequuntur,
856 2017 999 2102 legimus,
1025 2038 1090 2084 non
1111 2024 1218 2085 tamm
1240 2019 1273 2083 in
1294 2018 1356 2082 Po-

258 2131 335 2216 lybii
356 2130 610 2216 Carthaginiensi
631 2131 793 2197 relatione.

344 2263 371 2308 6.
389 2242 429 2306 13
451 2242 621 2314 secundam
639 2243 816 2307 Romanam
836 2242 1027 2326 legationem
1043 2240 1266 2326 Carthaginem
1281 2240 1356 2305 mis-

259 2371 327 2419 sam
349 2355 491 2421 continet
512 2356 557 2440 (p.
583 2355 649 2441 25).
1302 2416 1305 2419 ,

265 2528 270 2539 ,
344 2466 445 2531 c.14.
496 2467 530 2531 Ρ.
555 2466 735 2533 Cornelium
756 2465 935 2549 Scipionem
956 2466 990 2532 in
1011 2464 1197 2549 Hispaniam
1225 2464 1355 2529 missum

258 2598 327 2647 essa
348 2598 421 2643 cnm
443 2578 486 2642 60
508 2579 658 2658 navibus,
689 2579 795 2643 10000
815 2600 866 2662 p,
898 2578 960 2643 700
982 2598 1030 2661 eq.
1054 2578 1135 2662 (Lis.
1157 2577 1209 2642 21.
1233 2576 1290 2641 166
1312 2576 1355 2640 60

257 2688 366 2772 quinq.
388 2689 409 2752 2
430 2687 511 2773 legg.
534 2695 567 2759 et
588 2711 636 2774 eq.
661 2690 765 2755 14000
786 2713 816 2775 p.
841 2711 905 2756 soc.
931 2691 1013 2756 1600
1037 2710 1085 2774 eq.
1110 2695 1148 2770 6.)
1169 2689 1278 2755 tradit.

344 2802 582 2869 Perscrutantes
614 2802 755 2887 Appiani
788 2803 990 2869 traditionem
1027 2802 1067 2868 de
1101 2801 1263 2868 annalium
1296 2805 1355 2867 aut

258 2915 402 2981 Romano
424 2914 577 2998 scriptore
599 2934 687 2992 eum,
724 2934 783 2980 nec
813 2913 853 2979 de
881 2914 970 2979 Livio
1000 2934 1058 2979 nec
1085 2913 1125 2978 de
1146 2912 1278 2998 Polybio
1299 2911 1354 2977 sed

258 3029 297 3092 ds
311 3026 486 3112 posteriorc
508 3026 672 3091 annalium
694 3025 1002 3110 scriptcrcpendere
1022 3025 1172 3091 videmus.

300 3249 334 3315 2.
369 3241 611 3333 Ἀννιβαῖκή.
1187 3306 1189 3310 ,

345 3356 473 3424 61-3
494 3377 545 3422 res
567 3354 653 3420 domi
673 3355 866 3437 militiaeque
888 3355 929 3421 ab
950 3356 1131 3423 Hamilcare
1145 3355 1354 3435 Hasdrubale,

259 3467 439 3536 Hannibale
460 3472 564 3550 gestas
577 3472 659 3531 'ante
682 3488 710 3531 6.
735 3466 798 3530 218
821 3467 992 3532 continent.

343 3580 373 3644 4.
418 3578 628 3645 Hannibalem
657 3598 732 3643 cum
763 3579 870 3643 90000
890 3600 921 3662 p.
955 3578 1060 3643 12000
1081 3599 1129 3660 eq.
1158 3578 1213 3662 (cf.
1235 3578 1300 3643 niv.
1322 3581 1358 3649 et,

258 3691 385 3776 Polyb.)
407 3711 428 3755 6
449 3688 641 3772 Carthagine
663 3687 753 3752 Nova
773 3687 950 3771 profectum
973 3709 1029 3772 per
1045 3688 1140 3771 Alpes
1162 3688 1223 3753 iter
1244 3687 1354 3752 fecisse

258 3803 292 3869 in
313 3800 393 3867 Padi
414 3819 542 3884 campos
565 3793 689 3880 (δίοδος
703 3791 879 3881 Ἀννίβου),
903 3804 1057 3882 acetoque
1078 3797 1119 3863 ad
1141 3818 1251 3864 saxum
1274 3799 1355 3864 mol·

259 3912 399 3980 liendum
421 3909 500 3991 (Liv.
523 3908 574 3973 21.
597 3909 651 3987 37)
674 3931 767 3974 usum
788 3931 856 3975 esse
877 3915 997 3975 narrat.

345 4023 431 4091 5-6
457 4020 600 4091 continet
625 4043 677 4091 res
696 4022 730 4087 in
752 4021 848 4087 Italia
868 4021 910 4088 ab
931 4018 1110 4086 Hannibale
1130 4024 1234 4106 gestas
1255 4039 1355 4105 usque
