<?xml version="1.0" encoding="UTF-8"?>
<!DOCTYPE html PUBLIC "-//W3C//DTD XHTML 1.0 Transitional//EN"
    "http://www.w3.org/TR/xhtml1/DTD/xhtml1-transitional.dtd">
<html xmlns="http://www.w3.org/1999/xhtml" xml:lang="en" lang="en">
 <head>
  <title>
</title>
<meta http-equiv="Content-Type" content="text/html;charset=utf-8" />
  <meta name='ocr-system' content='tesseract 3.04.00' />
  <meta name='ocr-capabilities' content='ocr_page ocr_carea ocr_par ocr_line ocrx_word'/>
</head>
<body>
  <div class='ocr_page' id='page_1' title='image "./quaeriturundebe01vollgoog_0011.png"; bbox 0 0 3038 4736; ppageno 0'>
   <div class='ocr_carea' id='block_1_1' title="bbox 754 334 777 406">
    <p class='ocr_par' dir='ltr' id='par_1_1' title="bbox 754 334 777 406">
     <span class='ocr_line' id='line_1_1' title="bbox 754 334 777 406; baseline 0 0"><span class='ocrx_word' id='word_1_1' title='bbox 754 334 777 406; x_wconf 89' lang='lat'>6</span> 
     </span>
    </p>
   </div>
   <div class='ocr_carea' id='block_1_2' title="bbox 170 533 1385 2298">
    <p class='ocr_par' dir='ltr' id='par_1_2' title="bbox 206 533 1305 1065">
     <span class='ocr_line' id='line_1_2' title="bbox 293 533 1304 621; baseline -0.002 -21"><span class='ocrx_word' id='word_1_2' title='bbox 293 533 464 601; x_wconf 81' lang='lat' dir='ltr'><strong>Videamus</strong></span> <span class='ocrx_word' id='word_1_3' title='bbox 484 536 596 620; x_wconf 91' lang='lat' dir='ltr'><strong>igitur,</strong></span> <span class='ocrx_word' id='word_1_4' title='bbox 632 537 717 603; x_wconf 90' lang='lat' dir='ltr'><strong>unde</strong></span> <span class='ocrx_word' id='word_1_5' title='bbox 738 535 897 621; x_wconf 81' lang='lat' dir='ltr'><strong>Polybius,</strong></span> <span class='ocrx_word' id='word_1_6' title='bbox 919 534 1094 614; x_wconf 87' lang='lat' dir='ltr'><strong>Diodorus,</strong></span> <span class='ocrx_word' id='word_1_7' title='bbox 1130 534 1304 618; x_wconf 80' lang='lat' dir='ltr'><strong>AppIanus,</strong></span> 
     </span>
     <span class='ocr_line' id='line_1_3' title="bbox 208 643 1304 730; baseline 0 -21"><span class='ocrx_word' id='word_1_8' title='bbox 208 643 433 725; x_wconf 89' lang='lat' dir='ltr'><strong>Dio-Zonaras,</strong></span> <span class='ocrx_word' id='word_1_9' title='bbox 455 647 653 727; x_wconf 88' lang='lat' dir='ltr'><strong>Plutarchus,</strong></span> <span class='ocrx_word' id='word_1_10' title='bbox 679 646 844 713; x_wconf 86' lang='lat' dir='ltr'><strong>Cornelius</strong></span> <span class='ocrx_word' id='word_1_11' title='bbox 862 645 978 730; x_wconf 81' lang='lat' dir='ltr'><strong>Nepos,</strong></span> <span class='ocrx_word' id='word_1_12' title='bbox 999 665 1081 727; x_wconf 90' lang='lat' dir='ltr'><strong>quae</strong></span> <span class='ocrx_word' id='word_1_13' title='bbox 1095 643 1304 720; x_wconf 87' lang='lat' dir='ltr'><strong>tradiderunt,</strong></span> 
     </span>
     <span class='ocr_line' id='line_1_4' title="bbox 208 754 1304 842; baseline -0.003 -20"><span class='ocrx_word' id='word_1_14' title='bbox 208 757 388 837; x_wconf 80' lang='lat' dir='ltr'><strong>hauserint,</strong></span> <span class='ocrx_word' id='word_1_15' title='bbox 415 759 599 842; x_wconf 83' lang='lat' dir='ltr'><strong>priusquam</strong></span> <span class='ocrx_word' id='word_1_16' title='bbox 621 759 664 824; x_wconf 92' lang='lat' dir='ltr'><strong>ad</strong></span> <span class='ocrx_word' id='word_1_17' title='bbox 684 759 808 824; x_wconf 89' lang='lat' dir='ltr'><strong>Livium</strong></span> <span class='ocrx_word' id='word_1_18' title='bbox 829 758 934 841; x_wconf 90' lang='lat' dir='ltr'><strong>ipsum</strong></span> <span class='ocrx_word' id='word_1_19' title='bbox 954 755 1158 839; x_wconf 86' lang='lat' dir='ltr'><strong>adgredimur</strong></span> <span class='ocrx_word' id='word_1_20' title='bbox 1178 760 1211 820; x_wconf 93' lang='lat' dir='ltr'><strong>et</strong></span> <span class='ocrx_word' id='word_1_21' title='bbox 1231 754 1304 820; x_wconf 81' lang='lat' dir='ltr'><strong>illae</strong></span> 
     </span>
     <span class='ocr_line' id='line_1_5' title="bbox 206 867 1305 953; baseline -0.002 -18"><span class='ocrx_word' id='word_1_22' title='bbox 206 869 288 935; x_wconf 88' lang='lat' dir='ltr'><strong>duas</strong></span> <span class='ocrx_word' id='word_1_23' title='bbox 308 870 496 950; x_wconf 80' lang='lat' dir='ltr'><strong>relationes,</strong></span> <span class='ocrx_word' id='word_1_24' title='bbox 532 892 611 953; x_wconf 92' lang='lat' dir='ltr'><strong>quas</strong></span> <span class='ocrx_word' id='word_1_25' title='bbox 640 871 867 938; x_wconf 82' lang='lat' dir='ltr'><strong>contaminavit</strong></span> <span class='ocrx_word' id='word_1_26' title='bbox 892 870 927 936; x_wconf 89' lang='lat' dir='ltr'><strong>in</strong></span> <span class='ocrx_word' id='word_1_27' title='bbox 953 869 1043 935; x_wconf 90' lang='lat' dir='ltr'><strong>libris</strong></span> <span class='ocrx_word' id='word_1_28' title='bbox 1064 867 1140 934; x_wconf 85' lang='lat' dir='ltr'><strong>XXI</strong></span> <span class='ocrx_word' id='word_1_29' title='bbox 1160 873 1193 935; x_wconf 88' lang='lat' dir='ltr'><strong>et</strong></span> <span class='ocrx_word' id='word_1_30' title='bbox 1213 867 1305 934; x_wconf 86' lang='lat' dir='ltr'>XXII</span> 
     </span>
     <span class='ocr_line' id='line_1_6' title="bbox 207 980 628 1065; baseline -0.002 -19"><span class='ocrx_word' id='word_1_31' title='bbox 207 980 409 1060; x_wconf 89' lang='lat' dir='ltr'><strong>enarrandis,</strong></span> <span class='ocrx_word' id='word_1_32' title='bbox 431 981 628 1065; x_wconf 88' lang='lat' dir='ltr'><strong>indagamus.</strong></span> 
     </span>
    </p>

    <p class='ocr_par' dir='ltr' id='par_1_3' title="bbox 170 1088 1385 2298">
     <span class='ocr_line' id='line_1_7' title="bbox 294 1088 1304 1175; baseline 0 -19"><span class='ocrx_word' id='word_1_33' title='bbox 294 1090 408 1157; x_wconf 90' lang='lat' dir='ltr'><strong>Omnia</strong></span> <span class='ocrx_word' id='word_1_34' title='bbox 430 1113 512 1175; x_wconf 90' lang='lat' dir='ltr'><strong>quae</strong></span> <span class='ocrx_word' id='word_1_35' title='bbox 532 1096 652 1157; x_wconf 88' lang='lat' dir='ltr'><strong>veteres</strong></span> <span class='ocrx_word' id='word_1_36' title='bbox 674 1091 713 1157; x_wconf 91' lang='lat' dir='ltr'><strong>de</strong></span> <span class='ocrx_word' id='word_1_37' title='bbox 737 1090 794 1156; x_wconf 93' lang='lat' dir='ltr'><strong>illo</strong></span> <span class='ocrx_word' id='word_1_38' title='bbox 815 1090 900 1155; x_wconf 90' lang='lat' dir='ltr'><strong>bello</strong></span> <span class='ocrx_word' id='word_1_39' title='bbox 921 1089 1136 1168; x_wconf 89' lang='lat' dir='ltr'><strong>tradiderunt,</strong></span> <span class='ocrx_word' id='word_1_40' title='bbox 1162 1088 1204 1154; x_wconf 92' lang='lat' dir='ltr'><strong>ad</strong></span> <span class='ocrx_word' id='word_1_41' title='bbox 1226 1089 1304 1156; x_wconf 87' lang='lat' dir='ltr'><strong>duos</strong></span> 
     </span>
     <span class='ocr_line' id='line_1_8' title="bbox 170 1201 1305 1286; baseline -0.001 -19"><span class='ocrx_word' id='word_1_42' title='bbox 170 1273 172 1276; x_wconf 53' lang='grc'>,</span> <span class='ocrx_word' id='word_1_43' title='bbox 207 1201 375 1285; x_wconf 83' lang='lat' dir='ltr'><strong>praecipue</strong></span> <span class='ocrx_word' id='word_1_44' title='bbox 397 1203 565 1286; x_wconf 74' lang='lat' dir='ltr'><strong>scriptores</strong></span> <span class='ocrx_word' id='word_1_45' title='bbox 586 1203 751 1268; x_wconf 88' lang='lat' dir='ltr'><strong>referenda</strong></span> <span class='ocrx_word' id='word_1_46' title='bbox 773 1223 841 1268; x_wconf 88' lang='lat' dir='ltr'><strong>esse</strong></span> <span class='ocrx_word' id='word_1_47' title='bbox 861 1201 1045 1281; x_wconf 86' lang='lat' dir='ltr'><strong>videbimus,</strong></span> <span class='ocrx_word' id='word_1_48' title='bbox 1068 1222 1202 1285; x_wconf 86' lang='lat' dir='ltr'><strong>quorum</strong></span> <span class='ocrx_word' id='word_1_49' title='bbox 1222 1202 1305 1267; x_wconf 89' lang='lat' dir='ltr'><strong>alter</strong></span> 
     </span>
     <span class='ocr_line' id='line_1_9' title="bbox 208 1311 1305 1397; baseline 0.001 -20"><span class='ocrx_word' id='word_1_50' title='bbox 208 1311 515 1397; x_wconf 81' lang='lat' dir='ltr'><strong>Carthaginiensium</strong></span> <span class='ocrx_word' id='word_1_51' title='bbox 536 1312 630 1378; x_wconf 90' lang='lat' dir='ltr'><strong>rebus</strong></span> <span class='ocrx_word' id='word_1_52' title='bbox 652 1312 810 1393; x_wconf 86' lang='lat' dir='ltr'><strong>studebat,</strong></span> <span class='ocrx_word' id='word_1_53' title='bbox 832 1313 965 1393; x_wconf 88' lang='lat' dir='ltr'><strong>Silenus,</strong></span> <span class='ocrx_word' id='word_1_54' title='bbox 987 1314 1069 1380; x_wconf 92' lang='lat' dir='ltr'><strong>alter</strong></span> <span class='ocrx_word' id='word_1_55' title='bbox 1090 1314 1305 1379; x_wconf 87' lang='lat' dir='ltr'><strong>Romanarum</strong></span> 
     </span>
     <span class='ocr_line' id='line_1_10' title="bbox 207 1422 1305 1508; baseline 0 -18"><span class='ocrx_word' id='word_1_56' title='bbox 207 1423 346 1506; x_wconf 88' lang='lat' dir='ltr'><strong>partium</strong></span> <span class='ocrx_word' id='word_1_57' title='bbox 368 1429 452 1501; x_wconf 89' lang='lat' dir='ltr'><strong>erat,</strong></span> <span class='ocrx_word' id='word_1_58' title='bbox 474 1422 608 1500; x_wconf 88' lang='lat' dir='ltr'><strong>Fabius,</strong></span> <span class='ocrx_word' id='word_1_59' title='bbox 631 1429 664 1489; x_wconf 94' lang='lat' dir='ltr'><strong>et</strong></span> <span class='ocrx_word' id='word_1_60' title='bbox 684 1429 851 1505; x_wconf 89' lang='lat' dir='ltr'><strong>utramque</strong></span> <span class='ocrx_word' id='word_1_61' title='bbox 874 1423 1168 1508; x_wconf 84' lang='lat' dir='ltr'><strong>Carthaginiensem</strong></span> <span class='ocrx_word' id='word_1_62' title='bbox 1189 1424 1305 1490; x_wconf 88' lang='lat' dir='ltr'><strong>Roma·</strong></span> 
     </span>
     <span class='ocr_line' id='line_1_11' title="bbox 207 1514 1305 1617; baseline 0 -16"><span class='ocrx_word' id='word_1_63' title='bbox 207 1514 345 1617; x_wconf 86' lang='lat' dir='ltr'><strong>namque</strong></span> <span class='ocrx_word' id='word_1_64' title='bbox 365 1534 568 1599; x_wconf 86' lang='lat' dir='ltr'><strong>traditionem</strong></span> <span class='ocrx_word' id='word_1_65' title='bbox 588 1534 622 1598; x_wconf 92' lang='lat' dir='ltr'><strong>in</strong></span> <span class='ocrx_word' id='word_1_66' title='bbox 644 1533 724 1599; x_wconf 87' lang='lat' dir='ltr'><strong>Livii</strong></span> <span class='ocrx_word' id='word_1_67' title='bbox 745 1555 776 1599; x_wconf 92' lang='lat' dir='ltr'><strong>a.</strong></span> <span class='ocrx_word' id='word_1_68' title='bbox 798 1556 829 1599; x_wconf 82' lang='lat' dir='ltr'><strong>u.</strong></span> <span class='ocrx_word' id='word_1_69' title='bbox 852 1555 880 1600; x_wconf 86' lang='lat' dir='ltr'><strong>o.</strong></span> <span class='ocrx_word' id='word_1_70' title='bbox 903 1534 937 1600; x_wconf 93' lang='lat' dir='ltr'><strong>ll.</strong></span> <span class='ocrx_word' id='word_1_71' title='bbox 958 1533 1034 1600; x_wconf 88' lang='lat' dir='ltr'><strong>XXI</strong></span> <span class='ocrx_word' id='word_1_72' title='bbox 1053 1540 1085 1601; x_wconf 92' lang='lat' dir='ltr'><strong>et</strong></span> <span class='ocrx_word' id='word_1_73' title='bbox 1106 1534 1198 1601; x_wconf 94' lang='lat' dir='ltr'>XXII</span> <span class='ocrx_word' id='word_1_74' title='bbox 1218 1536 1305 1601; x_wconf 85' lang='lat' dir='ltr'><strong>iuve-</strong></span> 
     </span>
     <span class='ocr_line' id='line_1_12' title="bbox 207 1625 1306 1729; baseline 0.002 -19"><span class='ocrx_word' id='word_1_75' title='bbox 207 1645 339 1710; x_wconf 88' lang='lat' dir='ltr'><strong>niemus.</strong></span> <span class='ocrx_word' id='word_1_76' title='bbox 384 1626 491 1710; x_wconf 88' lang='lat' dir='ltr'><strong>Simul</strong></span> <span class='ocrx_word' id='word_1_77' title='bbox 506 1666 655 1729; x_wconf 85' lang='lat' dir='ltr'><strong>magnam</strong></span> <span class='ocrx_word' id='word_1_78' title='bbox 675 1644 765 1710; x_wconf 90' lang='lat' dir='ltr'><strong>illam</strong></span> <span class='ocrx_word' id='word_1_79' title='bbox 780 1625 979 1728; x_wconf 87' lang='lat' dir='ltr'><strong>optimatium</strong></span> <span class='ocrx_word' id='word_1_80' title='bbox 1001 1645 1164 1728; x_wconf 86' lang='lat' dir='ltr'><strong>plebisque</strong></span> <span class='ocrx_word' id='word_1_81' title='bbox 1186 1646 1306 1712; x_wconf 90' lang='lat' dir='ltr'><strong>dissen-</strong></span> 
     </span>
     <span class='ocr_line' id='line_1_13' title="bbox 208 1755 1305 1838; baseline 0.004 -17"><span class='ocrx_word' id='word_1_82' title='bbox 208 1757 346 1834; x_wconf 87' lang='lat' dir='ltr'><strong>sionem,</strong></span> <span class='ocrx_word' id='word_1_83' title='bbox 383 1776 464 1838; x_wconf 88' lang='lat' dir='ltr'><strong>quae</strong></span> <span class='ocrx_word' id='word_1_84' title='bbox 496 1755 530 1819; x_wconf 93' lang='lat' dir='ltr'><strong>in</strong></span> <span class='ocrx_word' id='word_1_85' title='bbox 563 1756 709 1821; x_wconf 91' lang='lat' dir='ltr'><strong>omnibus</strong></span> <span class='ocrx_word' id='word_1_86' title='bbox 741 1756 835 1822; x_wconf 86' lang='lat' dir='ltr'><strong>rebus</strong></span> <span class='ocrx_word' id='word_1_87' title='bbox 863 1757 1015 1821; x_wconf 87' lang='lat' dir='ltr'><strong>Romanis</strong></span> <span class='ocrx_word' id='word_1_88' title='bbox 1048 1758 1187 1837; x_wconf 87' lang='lat' dir='ltr'><strong>exstitit,</strong></span> <span class='ocrx_word' id='word_1_89' title='bbox 1222 1759 1305 1825; x_wconf 89' lang='lat' dir='ltr'><strong>inter</strong></span> 
     </span>
     <span class='ocr_line' id='line_1_14' title="bbox 207 1866 1306 1949; baseline 0.003 -18"><span class='ocrx_word' id='word_1_90' title='bbox 207 1866 376 1949; x_wconf 87' lang='lat' dir='ltr'><strong>seriptores</strong></span> <span class='ocrx_word' id='word_1_91' title='bbox 398 1886 530 1949; x_wconf 87' lang='lat' dir='ltr'><strong>quoque·</strong></span> <span class='ocrx_word' id='word_1_92' title='bbox 544 1888 650 1932; x_wconf 88' lang='lat' dir='ltr'><strong>rerum</strong></span> <span class='ocrx_word' id='word_1_93' title='bbox 670 1868 887 1933; x_wconf 88' lang='lat' dir='ltr'><strong>Romanarum</strong></span> <span class='ocrx_word' id='word_1_94' title='bbox 906 1868 1117 1947; x_wconf 87' lang='lat' dir='ltr'><strong>inveniemus,</strong></span> <span class='ocrx_word' id='word_1_95' title='bbox 1151 1889 1223 1934; x_wconf 90' lang='lat' dir='ltr'><strong>oum</strong></span> <span class='ocrx_word' id='word_1_96' title='bbox 1245 1870 1306 1935; x_wconf 92' lang='lat' dir='ltr'><strong>Po-</strong></span> 
     </span>
     <span class='ocr_line' id='line_1_15' title="bbox 208 1976 1385 2063; baseline 0.004 -20"><span class='ocrx_word' id='word_1_97' title='bbox 208 1976 311 2063; x_wconf 85' lang='lat' dir='ltr'><strong>lybius</strong></span> <span class='ocrx_word' id='word_1_98' title='bbox 334 1978 521 2061; x_wconf 89' lang='lat' dir='ltr'><strong>Caeliusque</strong></span> <span class='ocrx_word' id='word_1_99' title='bbox 543 1978 577 2044; x_wconf 91' lang='lat' dir='ltr'><strong>in</strong></span> <span class='ocrx_word' id='word_1_100' title='bbox 598 1978 661 2045; x_wconf 90' lang='lat' dir='ltr'><strong>fine</strong></span> <span class='ocrx_word' id='word_1_101' title='bbox 684 1981 765 2045; x_wconf 83' lang='lat' dir='ltr'><strong>sexti</strong></span> <span class='ocrx_word' id='word_1_102' title='bbox 787 1980 885 2045; x_wconf 88' lang='lat' dir='ltr'><strong>seculi</strong></span> <span class='ocrx_word' id='word_1_103' title='bbox 905 2001 935 2045; x_wconf 92' lang='lat' dir='ltr'><strong>a.</strong></span> <span class='ocrx_word' id='word_1_104' title='bbox 957 2001 988 2045; x_wconf 84' lang='lat' dir='ltr'><strong>u</strong></span> <span class='ocrx_word' id='word_1_105' title='bbox 1013 2003 1039 2046; x_wconf 88' lang='lat' dir='ltr'><strong>o.</strong></span> <span class='ocrx_word' id='word_1_106' title='bbox 1061 1982 1305 2048; x_wconf 86' lang='lat' dir='ltr'><strong>vetustissimam</strong></span> <span class='ocrx_word' id='word_1_107' title='bbox 1381 2022 1385 2027; x_wconf 77' lang='lat'><strong>,</strong></span> 
     </span>
     <span class='ocr_line' id='line_1_16' title="bbox 208 2091 1305 2179; baseline 0.005 -23"><span class='ocrx_word' id='word_1_108' title='bbox 208 2092 406 2175; x_wconf 91' lang='lat' dir='ltr'><strong>optimatium</strong></span> <span class='ocrx_word' id='word_1_109' title='bbox 438 2091 613 2158; x_wconf 87' lang='lat' dir='ltr'><strong>Fabianam</strong></span> <span class='ocrx_word' id='word_1_110' title='bbox 646 2093 865 2172; x_wconf 87' lang='lat' dir='ltr'><strong>traditionem,</strong></span> <span class='ocrx_word' id='word_1_111' title='bbox 902 2113 984 2175; x_wconf 88' lang='lat' dir='ltr'><strong>quae</strong></span> <span class='ocrx_word' id='word_1_112' title='bbox 1016 2093 1148 2160; x_wconf 81' lang='lat' dir='ltr'><strong>Fabiam</strong></span> <span class='ocrx_word' id='word_1_113' title='bbox 1180 2101 1305 2179; x_wconf 89' lang='lat' dir='ltr'><strong>gentem</strong></span> 
     </span>
     <span class='ocr_line' id='line_1_17' title="bbox 207 2202 1306 2298; baseline 0.006 -32"><span class='ocrx_word' id='word_1_114' title='bbox 207 2202 344 2267; x_wconf 87' lang='lat' dir='ltr'><strong>maxime</strong></span> <span class='ocrx_word' id='word_1_115' title='bbox 364 2202 517 2298; x_wconf 85' lang='lat' dir='ltr'><strong>laudavit,</strong></span> <span class='ocrx_word' id='word_1_116' title='bbox 539 2203 610 2270; x_wconf 89' lang='lat' dir='ltr'><strong>aliis</strong></span> <span class='ocrx_word' id='word_1_117' title='bbox 626 2203 939 2288; x_wconf 80' lang='lat' dir='ltr'><strong>Carthaginiensibus</strong></span> <span class='ocrx_word' id='word_1_118' title='bbox 961 2205 1168 2290; x_wconf 80' lang='lat' dir='ltr'><strong>&#39;scriptoribus</strong></span> <span class='ocrx_word' id='word_1_119' title='bbox 1190 2207 1306 2273; x_wconf 90' lang='lat' dir='ltr'><strong>Roma-</strong></span> 
     </span>
    </p>
   </div>
   <div class='ocr_carea' id='block_1_3' title="bbox 97 2314 1405 2411">
    <p class='ocr_par' dir='ltr' id='par_1_4' title="bbox 97 2314 1405 2411">
     <span class='ocr_line' id='line_1_18' title="bbox 97 2314 1405 2411; baseline 0.009 -37"><span class='ocrx_word' id='word_1_120' title='bbox 97 2406 99 2411; x_wconf 82' lang='lat'><em>.</em></span> <span class='ocrx_word' id='word_1_121' title='bbox 208 2314 320 2397; x_wconf 86' lang='lat' dir='ltr'><strong>nisque</strong></span> <span class='ocrx_word' id='word_1_122' title='bbox 349 2314 532 2382; x_wconf 84' lang='lat' dir='ltr'><strong>auctoribus</strong></span> <span class='ocrx_word' id='word_1_123' title='bbox 561 2315 623 2380; x_wconf 90' lang='lat' dir='ltr'><strong>uisi</strong></span> <span class='ocrx_word' id='word_1_124' title='bbox 652 2315 807 2382; x_wconf 87' lang='lat' dir='ltr'><strong>reicerent</strong></span> <span class='ocrx_word' id='word_1_125' title='bbox 828 2321 868 2394; x_wconf 70' lang='lat' dir='ltr'><strong>⁸et</strong></span> <span class='ocrx_word' id='word_1_126' title='bbox 894 2315 1089 2400; x_wconf 88' lang='lat' dir='ltr'><strong>plebeiorum</strong></span> <span class='ocrx_word' id='word_1_127' title='bbox 1115 2315 1201 2383; x_wconf 90' lang='lat' dir='ltr'><strong>illius</strong></span> <span class='ocrx_word' id='word_1_128' title='bbox 1230 2315 1330 2409; x_wconf 33' lang='lat' dir='ltr'><strong>belli·</strong></span> <span class='ocrx_word' id='word_1_129' title='bbox 1401 2330 1405 2335; x_wconf 83' lang='grc'><strong>’</strong></span> 
     </span>
    </p>
   </div>
   <div class='ocr_carea' id='block_1_4' title="bbox 210 2426 1238 2513">
    <p class='ocr_par' dir='ltr' id='par_1_5' title="bbox 210 2426 1238 2513">
     <span class='ocr_line' id='line_1_19' title="bbox 210 2426 1238 2513; baseline 0.003 -22"><span class='ocrx_word' id='word_1_130' title='bbox 210 2426 325 2492; x_wconf 83' lang='lat' dir='ltr'><strong>dueum</strong></span> <span class='ocrx_word' id='word_1_131' title='bbox 348 2427 574 2513; x_wconf 89' lang='lat' dir='ltr'><strong>Corneliaeque</strong></span> <span class='ocrx_word' id='word_1_132' title='bbox 595 2427 749 2512; x_wconf 89' lang='lat' dir='ltr'><strong>imprimis</strong></span> <span class='ocrx_word' id='word_1_133' title='bbox 772 2427 875 2512; x_wconf 87' lang='lat' dir='ltr'><strong>gentis</strong></span> <span class='ocrx_word' id='word_1_134' title='bbox 895 2428 1010 2495; x_wconf 87' lang='lat' dir='ltr'><strong>merita</strong></span> <span class='ocrx_word' id='word_1_135' title='bbox 1031 2427 1238 2494; x_wconf 87' lang='lat' dir='ltr'><strong>illustrarent.</strong></span> 
     </span>
    </p>
   </div>
   <div class='ocr_carea' id='block_1_5' title="bbox 643 2700 848 2710">
    <p class='ocr_par' dir='ltr' id='par_1_6' title="bbox 643 2700 848 2710">
     <span class='ocr_line' id='line_1_20' title="bbox 643 2700 848 2710; baseline 0.005 -1"><span class='ocrx_word' id='word_1_136' title='bbox 643 2700 848 2710; x_wconf 76' lang='lat'><em>———-.</em></span> 
     </span>
    </p>
   </div>
   <div class='ocr_carea' id='block_1_6' title="bbox 0 0 1524 4736">
    <p class='ocr_par' dir='ltr' id='par_1_7' title="bbox 0 0 1524 4736">
     <span class='ocr_line' id='line_1_21' title="bbox 0 0 1524 4736; baseline 0 0"><span class='ocrx_word' id='word_1_137' title='bbox 0 0 1524 4736; x_wconf 95' lang='lat' dir='ltr'><strong> </strong></span> 
     </span>
    </p>
   </div>
  </div>
 </body>
</html>
