3038 4736
778 326 827 398 42

249 524 300 590 ius
319 524 442 608 generis
462 525 658 592 orationibus
681 525 801 591 frustra
822 525 940 591 habitis
948 535 977 604 ‚⁴⁶
1007 544 1106 608 qnare
1127 533 1264 592 veterem
1285 547 1343 592 an·

250 634 372 700 nalium
403 635 606 702 traditionem
642 637 762 703 Valerii
793 638 930 703 Antiatis
961 637 1086 704 brevius
1119 643 1243 702 secutus
1276 656 1344 700 esso

249 745 413 830 probatur.

207 926 210 932 ,
334 857 475 941 Uterque
497 858 604 923 Livius
626 864 658 925 et
680 859 868 925 Plutarchus
889 860 924 924 in
944 859 1036 923 rebus
1049 858 1180 925 urbanis
1195 879 1340 924 enarran-

249 969 299 1037 dis
320 970 453 1036 eundem
473 971 661 1054 scriptorem
683 972 842 1037 Valerium
866 971 1027 1037 Antiatem
1050 973 1207 1054 sequitur,
1238 966 1344 1037 Lirim

249 1083 423 1150 breviorem
449 1084 484 1148 in
512 1083 657 1162 modum,
690 1083 879 1150 Plutarchus
900 1085 1059 1165 exactius3
1094 1085 1128 1148 in
1154 1084 1345 1149 orationibus

248 1200 355 1260 tamen
377 1195 498 1261 Livium
522 1195 621 1261 multo
643 1196 792 1262 fusiorem
814 1196 1142 1279 abundantioremque
1160 1217 1256 1277 quam
1273 1195 1346 1259 Plu·

249 1306 397 1373 tarchum
432 1307 625 1387 invenimus,
661 1308 717 1390 qui
753 1306 877 1373 Valerii
907 1308 1046 1372 Antiatis
1079 1306 1210 1390 vestigia
1245 1305 1346 1370 artius

249 1419 372 1502 pressit.

335 1529 375 1595 of.
398 1529 480 1595 Plut.
502 1529 579 1595 Fab.
603 1550 629 1594 o.
654 1528 672 1592 7
721 1528 761 1594 cf.
785 1527 851 1594 Liv.
875 1528 925 1592 22.
951 1527 1003 1593 23.
1037 1528 1092 1610 qui
1120 1528 1198 1593 duas
1227 1546 1277 1594 res
1302 1526 1346 1593 ad

248 1639 426 1724 augendam
442 1639 605 1705 dictatoris
620 1639 772 1705 invidiam
794 1659 815 1704 a
836 1639 1009 1704 Plutarcho
1031 1639 1132 1705 multo
1153 1640 1254 1705 fusius
1271 1660 1346 1704 nar·

249 1757 337 1818 ratas
360 1754 534 1832 contraxit3
557 1759 668 1818 contra
835 1820 843 1840 ,

335 1861 416 1928 Plut.
438 1861 516 1928 Fab.
535 1862 574 1926 13
618 1862 659 1928 of.
682 1862 748 1929 Lir.
772 1863 823 1926 22.
848 1861 985 1926 29-30,
1008 1861 1167 1927 orationes
1190 1861 1305 1927 servati
1325 1882 1346 1927 a

249 1971 349 2040 Fabio
370 1971 501 2037 Minucii
522 1992 602 2054 quas
624 1971 730 2038 Livius
752 1972 926 2055 elegantius
948 1972 1119 2037 exornavit.

333 2085 502 2151 Praeterea
538 2084 701 2150 Livianam
737 2083 964 2166 Plutarchiquo
1000 2085 1204 2150 traditionem
1239 2084 1274 2149 in
1307 2084 1347 2148 iis

251 2197 388 2274 maxime
408 2194 553 2280 partibus
574 2196 751 2261 consentire
771 2196 931 2274 videmus,
963 2194 1077 2279 quibus
1098 2195 1260 2261 Valerium
1282 2197 1349 2257 An-

250 2310 360 2374 tiatem
381 2308 461 2373 Livii
482 2307 687 2391 praecipuum
711 2312 875 2371 auctorem
897 2306 993 2371 fuisso
1015 2305 1216 2371 ostendemus
1238 2305 1290 2385 (cf.
1314 2304 1347 2370 C.

250 2416 343 2482 Peter
364 2415 387 2479 l.
409 2436 435 2479 c.
458 2437 488 2498 p.
504 2415 561 2492 61,
588 2414 643 2496 qui
665 2433 773 2479 omnes
795 2415 884 2480 locos
906 2415 1125 2498 conspirantes
1148 2414 1304 2493 contulit).

336 2527 480 2610 Denique
509 2525 701 2591 Plutarchus
728 2526 891 2591 Valerium
919 2526 1079 2590 Antiatem
1113 2546 1215 2608 neque
1242 2530 1349 2590 tamen

252 2638 393 2704 Caelium
414 2659 516 2721 neque
537 2639 662 2704 Livium
685 2642 810 2703 secutus
831 2658 899 2702 esse
920 2659 946 2703 c.
964 2638 1002 2700 17
1026 2638 1272 2714 demonstratur,
1292 2635 1349 2700 ubi

257 2746 438 2813 Caelianum
460 2746 541 2812 illud
566 2747 755 2813 Plutarchus
776 2748 957 2830 „dicquenti
970 2747 1089 2811 Romae
1110 2745 1144 2810 in
1159 2744 1348 2828 Capitolium

253 2858 373 2924 curabo
401 2857 460 2923 tibi
489 2879 570 2923 cona
601 2859 642 2924 sit
670 2865 781 2924 cocta“
812 2879 876 2924 non
897 2857 1115 2923 Maharbalem
1136 2855 1275 2940 (Caelius
1295 2875 1346 2937 ap.

251 2968 331 3035 Gall.
354 2967 392 3032 N.
407 2969 443 3031 A.
464 2970 519 3033 10.
543 2969 593 3035 24.
619 2971 656 3055 6)
678 2971 733 3036 sed
754 2971 890 3036 Barcam
912 2970 1069 3053 quendam
1091 2969 1207 3034 dixisse
1228 2973 1346 3033 narrat.

335 3079 448 3162 Itaque
479 3087 567 3160 recte
597 3080 786 3148 Plutarchus
818 3082 851 3146 in
880 3081 946 3147 vita
977 3080 1068 3146 Fabii
1098 3085 1135 3145 ut
1165 3080 1199 3144 in
1229 3077 1348 3142 Valerii

250 3189 340 3274 Popl.
356 3196 389 3255 et
401 3190 554 3256 Flaminii
570 3191 743 3257 scribendis
758 3191 919 3257 Valerium
935 3194 1006 3255 Ant.
1021 3191 1225 3274 praecipuum
1237 3192 1347 3253 aucto-

250 3323 318 3370 rem
338 3307 465 3368 secutns
486 3286 554 3369 esse
576 3304 683 3388 colligi
703 3309 817 3388 potest
