3038 4736
759 316 808 388 58

232 538 373 582 summus
406 517 486 584 Livii
515 519 699 605 Polybiique
730 521 763 586 in
794 520 1100 607 Carthaginiensium
1132 519 1328 588 orationibus

232 649 403 696 consensus
426 630 652 698 demonstrant.
701 632 824 698 Livium
854 635 887 699 in
917 633 1006 701 libris
1027 656 1056 700 a.
1078 657 1109 700 ιι.
1133 656 1160 701 ο.
1191 634 1328 700 conscri-

232 738 342 806 bendis
356 741 488 807 Fabium
510 763 635 827 quoque
655 745 828 829 inspexisse
850 767 867 812 e
888 747 955 813 Liv.
973 748 1001 814 1.
1023 747 1075 827 44,
1096 752 1129 814 et
1143 747 1202 828 553
1223 746 1320 825 240,

233 851 264 920 8.
286 853 338 934 30,
363 856 412 920 10.
436 856 488 935 37,
510 856 561 920 22.
585 856 603 920 7
625 856 776 924 videmus.

752 998 808 1063 III.

317 1154 344 1199 ο.
361 1133 488 1199 21-24
509 1134 698 1202 Hannibalis
720 1136 796 1202 belli
817 1141 1000 1222 apparatus,
1022 1136 1177 1202 somnium
1195 1134 1274 1216 (Cio.
1289 1135 1329 1202 de

232 1242 294 1308 div.
319 1244 345 1308 1.
369 1243 419 1308 24.
442 1244 484 1309 49
507 1268 524 1311 e
546 1245 667 1325 Caelio)
697 1252 729 1313 et
755 1247 797 1314 ad
819 1247 1010 1313 Rhodanum
1031 1247 1201 1313 adventum
1222 1246 1329 1313 Livius

232 1360 269 1420 nt
289 1354 460 1423 Boettcher
480 1357 545 1424 iam
568 1359 715 1439 ostendit,
737 1383 755 1427 e
777 1359 883 1427 Caelio
904 1365 1016 1427 narrat
1039 1370 1082 1445 (p.
1105 1359 1168 1425 378
1189 1358 1245 1442 ffi).

750 1523 805 1590 IV.

318 1682 345 1728 o.
368 1662 411 1727 25
432 1662 487 1742 (cf.
509 1661 576 1728 Pol.
599 1663 629 1728 3.
650 1663 708 1750 40)
737 1663 887 1729 Boiorum
908 1663 1151 1747 Insubriumqne
1176 1664 1331 1731 tumultus

232 1779 391 1840 narratur.
441 1775 489 1841 De
510 1776 744 1842 triumvirorum
766 1798 793 1841 a.
819 1798 848 1841 a.
870 1798 899 1842 a.
924 1776 1103 1841 nominibus
1125 1776 1231 1842 Livius
1251 1797 1331 1859 qua·

233 1892 306 1953 tuor
326 1887 514 1954 traditiones
541 1891 684 1954 recenset
712 1886 837 1971 (Fabii,
871 1886 1010 1965 Claudii,
1043 1885 1162 1953 Valerii
1183 1887 1330 1966 Antiatis,

233 2000 394 2067 Pisonis?
421 2000 461 2067 cf.
485 2021 516 2085 p.
537 1999 605 2082 45).
1007 2050 1010 2053 n

318 2111 469 2195 Polybius
496 2149 536 2160 -
559 2110 646 2176 haud
668 2111 763 2178 dubis
784 2109 918 2177 Fabium
940 2116 1066 2178 secutus
1092 2149 1122 2160 -
1157 2110 1332 2177 sturmii

232 2247 348 2292 nomen
368 2229 494 2290 tantum
515 2223 631 2303 tradit,
659 2224 739 2289 ahos
768 2223 846 2289 duos
875 2226 1051 2307 praetorios
1078 2224 1175 2290 fuisse
1203 2218 1250 2309 (oi
1271 2219 1330 2288 δύο

232 2333 291 2423 τὴν
312 2329 507 2416 §gaudiosus
528 2329 626 2421 ἀρχὴν
647 2328 842 2422 εἰληφότες).
886 2334 1010 2400 Mutina
1024 2341 1214 2419 oppugnata,
1236 2336 1333 2419 legati

232 2448 266 2514 in
288 2447 453 2530 colloquiis
475 2447 570 2531 capti,
592 2445 629 2511 L.
650 2445 798 2525 Manlius,
821 2446 877 2528 qui
897 2446 936 2510 iis
958 2446 1076 2512 auxilio
1098 2446 1193 2539 venit,
1221 2446 1256 2510 in
1277 2446 1333 2511 sil-

233 2560 280 2626 vis
301 2556 393 2626 clade
413 2556 550 2624 afflictus
572 2556 613 2622 ab
635 2562 770 2639 utroque
792 2557 902 2622 eodem
924 2557 991 2623 fere
1011 2557 1106 2623 modo
1127 2561 1309 2622 narrantur.

319 2672 425 2736 Livius
447 2676 553 2745 tamen
575 2669 617 2734 ad
639 2668 833 2752 colloquium
856 2675 1003 2735 evocatos
1025 2690 1092 2736 esse
1113 2670 1250 2752 legatos,
1272 2670 1333 2734 Po-

234 2785 338 2871 lybius
357 2783 538 2849 triumviros
560 2780 662 2847 Gallis
684 2781 876 2865 colloquium
898 2778 1109 2866 proposuisse,
1131 2781 1238 2846 Livius
1252 2780 1332 2846 duas

233 2896 267 2962 in
288 2893 374 2960 silvis
395 2913 518 2978 pugnas
534 2893 717 2959 commissas
732 2914 809 2971 esse,
831 2892 980 2977 Polybius
1002 2912 1097 2957 unam
1117 2892 1152 2956 in
1174 2891 1262 2969 silva,
1284 2889 1332 2955 al·

233 3011 335 3072 teram
358 3005 394 3070 iu
420 3003 571 3082 collibus,
607 3009 741 3087 uterque
761 3003 921 3070 Romanos
943 3004 1078 3070 Tanneti
1104 3003 1243 3069 inclusos
1264 3021 1332 3066 esse

234 3117 333 3184 tradit
353 3115 437 3202 (Liv.
458 3113 635 3180 Tannetum
656 3113 698 3180 ad
719 3113 864 3198 Padum).
1175 3207 1178 3214 Ι

435 3228 494 3283 aiv.
513 3231 556 3282 21.
575 3230 618 3282 25.
894 3228 954 3282 Pol.
973 3230 998 3281 3.
1016 3229 1060 3283 40.
1081 3229 1122 3281 12.

235 3322 331 3387 sileae
351 3328 428 3388 tunc
450 3322 536 3387 eirca
557 3321 640 3386 viam
662 3327 763 3386 erant.
808 3314 841 3385 οἱ
857 3318 893 3386 δὲ
908 3323 1006 3386 Βοῖοι
1021 3315 1056 3387 ἕν
1076 3341 1146 3387 τισι
1167 3320 1333 3406 δρυμοῖς

234 3432 280 3498 ibi
300 3428 479 3498 in'insidias
494 3430 657 3511 (Manlius)
674 3452 766 3515 prae·
808 3424 1040 3513 ἑτοιμάσαντες
1050 3428 1189 3518 ἐνέδρας,
1206 3427 1275 3515 ἅμα
1286 3436 1332 3520 sq*

235 3547 384 3630 cipitatus
419 3546 521 3611 multa
566 3566 637 3610 cum
673 3544 769 3609 caede
810 3544 992 3630 προελθεῖν
1023 3539 1082 3623 οἷς
1116 3543 1184 3610 τοι)
1191 3570 1209 3623 ς
1239 3541 1333 3610 sitai-

236 3680 365 3723 suorum
379 3678 472 3741 aegre
494 3646 528 3721 in
543 3667 667 3740 apertos
680 3679 762 3719 cam·
807 3655 891 3733 δεις
911 3652 1062 3732 τόπους
1083 3652 1332 3740 προσποσίντες

233 3791 292 3852 pos
307 3769 441 3834 emersit.
477 3768 531 3833 ubi
545 3791 656 3834 rursus
670 3770 766 3833 siloae
807 3761 1012 3834 ἀπέκτειναν.
1074 3763 1150 3832 ἐπεὶ
1192 3765 1229 3833 δὲ
1267 3769 1334 3831 τῶν

236 3885 390 3961 intratae,
416 3887 484 3946 tum
506 3887 683 3965 postremos
713 3882 770 3948 ad-
812 3875 973 3967 ὑψηλῶο
993 3874 1150 3968 ἥψαντο
1170 3872 1330 3963 χωρίων,

237 3995 299 4060 orti
330 3994 392 4059 700
414 3992 712 4073 mil.,occiderunt,
749 3994 769 4058 6
812 3990 871 4058 ἐπὶ
887 3989 995 4058 ποσὸν
1019 3990 1264 4078 συνέστησαν
1278 3984 1333 4056 οἵ·

236 4105 327 4190 signa
347 4103 500 4169 ademere.
805 4128 869 4182 τως
884 4097 969 4170 ὥστε
981 4152 1028 4171 ...
