3038 4736
677 316 724 400 il

156 531 276 599 eatenis
304 553 343 597 ac
363 531 499 597 vinculis
524 530 581 596 ad·
594 529 702 594 hostes
724 533 836 612 captos
856 525 1041 593 vinciendos
1061 523 1096 590 in
1116 542 1258 608 pugnam

155 645 197 712 ad
218 645 323 710 lacum
344 644 560 709 Trasimenum
582 641 726 707 exeuntis
748 639 918 724 descriptio
946 639 995 719 (P.
1018 637 1049 702 3.
1072 636 1124 701 68.
1145 635 1180 718 9)
1216 632 1258 699 ad

156 757 448 840 Carthaginiensem
469 755 657 838 scriptorem
677 753 846 836 pertinent.
899 749 1020 816 Morem
1042 749 1125 815 enim
1146 746 1257 813 vincu-

156 865 259 931 lorum
288 864 330 930 ad
359 870 470 947 captos
492 864 599 930 hostes
620 862 804 930 vinciendos
827 863 862 927 in
885 861 1005 927 bellum
1028 858 1259 957 portandorum

158 978 218 1044 nisi
238 978 323 1062 apud
347 977 625 1061 Carthaginienses
648 998 713 1042 non
734 976 925 1055 invenimus3
955 973 1069 1040 castris
1092 969 1260 1055 Carthagi·

64 1116 66 1119 ·
157 1089 312 1155 niensium
334 1088 375 1153 ab
400 1087 577 1171 Agathocle
607 1088 710 1170 captis
739 1107 770 1152 a.
793 1086 857 1150 310
886 1106 958 1151 eum
988 1083 1260 1149 2000ον01000-

86 1190 90 1199 ’
156 1222 227 1265 rum
258 1199 414 1264 invenisse
445 1198 546 1264 tradit
573 1198 666 1263 Diod.
689 1197 742 1262 20.
768 1197 826 1276 13,
863 1216 957 1278 quem
986 1215 1106 1263 morem
1134 1194 1261 1260 Silenus
1320 1275 1325 1279 ,

28 1366 32 1371 ,
155 1312 290 1378 fortasse
312 1312 464 1378 exercitui
483 1311 628 1376 Romano
652 1330 778 1393 qnoque
800 1307 961 1387 attribuit,
984 1312 1021 1373 ut
1041 1305 1128 1371 illius
1150 1324 1260 1389 super·

155 1424 209 1491 bia
229 1445 268 1490 ac
290 1423 399 1490 clades
420 1423 521 1506 magis
543 1428 722 1506 appareret.
754 1518 758 1522 .
1363 1508 1366 1514 Ι

241 1556 268 1600 c.
291 1534 417 1623 86-οΊ
447 1534 596 1618 Polybius
626 1531 839 1598 Hannibalem
866 1551 924 1616 per
949 1526 1115 1596 Umbriam
1145 1533 1178 1594 et
1207 1526 1261 1594 Pi-

38 1648 44 1655 ’
159 1648 491 1735 cenum.Adriaticum
513 1648 630 1730 petisse
652 1645 761 1725 tradit,
789 1665 852 1728 quo
874 1643 1047 1721 δεκαταῖος
1068 1642 1199 1722 venerit,
1220 1640 1260 1708 li·

29 1814 32 1847 ,
157 1783 349 1845 mopsorum,
378 1761 434 1843 qui
454 1760 597 1827 homines
618 1777 780 1848 equosque
802 1757 930 1840 ceperit,
951 1761 1073 1836 narrat,
1094 1753 1260 1821 Hanniba·

29 1850 33 1925 ³.
156 1873 220 1941 lem
242 1895 296 1941 eos
316 1872 455 1940 lavando
477 1873 557 1938 vinis
579 1871 737 1938 veteribus
759 1869 921 1948 refecisse,
948 1889 1030 1951 quae
1052 1869 1160 1933 omnia
1182 1867 1261 1934 sori·

31 2038 32 2043 η
156 1992 299 2070 ptorem,
320 1985 383 2069 ,qui
404 1985 439 2050 in
461 1983 768 2067 Carthaginiensium
791 1983 904 2049 castris
926 1981 1071 2047 omnibus
1093 1981 1144 2047 his
1164 1979 1261 2048 rebus
1299 2010 1302 2013 ·

30 2154 32 2185 ἒ
157 2093 266 2173 affuit,
303 2094 484 2160 ostendunt.
538 2092 745 2176 Praecipuam
772 2093 857 2157 inter
886 2092 1063 2158 Romanam
1092 2089 1261 2175 Carthagi-

30 2198 31 2245 l
157 2209 360 2289 niensemque
381 2205 505 2290 Polybii
526 2204 743 2270 narrationem
771 2204 1018 2270 controversiam
1039 2204 1074 2268 in
1095 2200 1262 2270 Hanniba-

30 2330 31 2339 *
158 2315 198 2381 lis
225 2317 383 2400 legatione
410 2336 432 2380 a
462 2316 543 2381 mari
573 2315 672 2381 Adria
701 2313 926 2398 Carthaginem
953 2314 1050 2380 missa
1081 2309 1262 2379 enarranda

157 2427 454 2506 animadvertimus,
492 2449 574 2511 quae
595 2430 629 2493 in
649 2427 782 2512 Polybio
803 2425 976 2492 iucundum
997 2447 1036 2491 ac
1058 2423 1178 2491 laetum
1209 2446 1260 2492 re-

31 2506 32 2547 Ξ
156 2555 305 2620 sponsum
327 2537 435 2616 refert,
462 2537 537 2603 dum
558 2536 645 2622 apud
665 2538 833 2617 Zonaram,
859 2536 1050 2620 Appianum,
1073 2532 1165 2601 Fabii
1186 2556 1259 2602 sen·
1300 2592 1303 2595 .

155 2649 256 2713 tentia
291 2648 411 2715 bellum
444 2655 562 2714 contra·
589 2647 859 2732 Carthaginiensis
895 2653 1024 2713 senatus
1057 2647 1256 2714 voluntatem

155 2766 335 2845 susceptum
356 2782 425 2826 esse
446 2767 596 2846 apparet,
618 2759 931 2843 Carthaginiensibus
953 2762 1122 2845 pecuniam
1145 2768 1178 2828 et
1199 2760 1259 2828 mi·

154 2873 227 2940 lites
248 2879 429 2957 poscentem
450 2873 675 2940 deridentibus.

241 3009 268 3053 e.
290 2987 419 3053 88-90
440 2988 599 3053 dictatura
621 2992 652 3052 et
672 2975 730 3051 res'
746 2990 854 3070 gestae
876 2982 967 3051 Fabii
988 2987 1174 3064 narrantur,
1202 2982 1258 3051 ubi
1336 2983 1339 2990 ’

30 3100 31 3103 ’
153 3095 305 3183 Polybius
325 3097 458 3164 Fabium
480 3097 615 3164 fortasse
636 3098 788 3180 sequitur.

239 3231 265 3275 o.
289 3209 340 3274 90.
365 3209 470 3273 7-14
493 3210 615 3294 Polybii
635 3210 779 3275 narratio
801 3208 842 3275 ab
866 3207 1011 3274 omnibus
1035 3205 1107 3272 ahie
1132 3203 1257 3271 decedit

154 3319 189 3384 in
217 3320 355 3386 transitu
381 3321 571 3386 Hannibalis
599 3343 656 3405 per
684 3321 848 3388 Samnium
871 3322 905 3387 in
927 3320 1135 3404 Campaniam
1164 3314 1256 3384 enarss

154 3430 274 3509 raudo,
312 3452 384 3496 cum
415 3453 432 3497 e
461 3431 592 3517 Polybio
622 3432 790 3520 τολμηρῶς
820 3440 853 3500 et
881 3432 1029 3512 consilio,
1066 3431 1194 3499 eLirio
1223 3435 1256 3498 et

156 3542 326 3609 Plutarcho
358 3544 540 3611 ducentium
567 3566 675 3611 errore
703 3546 737 3610 in
765 3539 957 3628 Campaniae
984 3565 1112 3627 campos
1133 3543 1256 3610 uenisse

153 3646 368 3719 Hannibalem
390 3654 573 3734 audiamus3
596 3655 690 3721 facile
711 3656 745 3720 in
766 3654 890 3738 Polybii
910 3652 1065 3719 relatione
1088 3650 1256 3736 Carthagi-

154 3765 295 3853 niensem
310 3771 464 3845 autorem,
486 3767 519 3830 in
534 3765 616 3830 Livii
630 3766 793 3831 annalium
815 3765 1001 3848 scriptorem
1023 3765 1252 3848 cognoscimus.

238 3896 266 3942 c.
289 3877 417 3941 92-94
449 3876 639 3943 Hannibahs
660 3878 769 3961 fugam
790 3898 809 3942 e
830 3875 1023 3960 Campaniae
1044 3875 1176 3959 planitie
1197 3874 1255 3943 bo·

151 3984 243 4053 vibus
264 3989 407 4055 accensis
428 3989 576 4055 cornibus
597 3989 632 4055 in
655 3989 755 4056 saltus
777 4009 798 4056 a
819 3985 971 4054 Romanis
992 3983 1138 4051 obsessos
1162 3984 1254 4051 insti

59 4125 62 4130 ·
150 4101 234 4185 gatis
255 4108 377 4168 narrat.
420 4101 481 4168 Hic
508 4123 634 4187 quoque
660 4104 797 4187 primum
824 4105 931 4168 certae
953 4104 1132 4182 temporum
1145 4099 1252 4166 ratio-

886 4216 889 4222 '
1024 4218 1043 4273 2
