3038 4736
782 313 833 385 20

259 502 434 578 Fabianam
456 513 641 580 relationem
663 502 821 599 nequitum
843 513 1039 597 eundemque
1054 513 1193 581 Silenum
1214 514 1249 581 in
1270 512 1361 579 clade

259 624 405 705 Minucii,
427 627 483 709 qui
502 625 592 693 Fabii
614 627 733 693 auxilie
755 632 897 693 servatus
920 632 968 693 est
988 627 1139 710 sequitur.

311 726 313 729 ’
343 726 425 804 Nam
447 739 499 804 hie
521 760 646 823 quoque
668 739 810 806 locorum
835 740 929 805 situm
953 740 1039 820 (104.
1062 739 1161 819 3-5)
1184 745 1361 823 temporum

258 836 414 918 rationem
436 850 522 934 (104.
543 849 563 913 6
586 844 655 932 ἅμα
675 853 723 934 τῷ
745 846 942 935 διαυγάζειν,
974 849 1043 914 105.
1071 851 1087 912 1
1111 841 1185 936 ι’ίρτι
1205 852 1264 936 τῆς
1284 845 1362 937 ἠμί·

258 990 317 1051 ρας
338 962 598 1050 ἐπιγενομένης),
631 962 771 1029 Graecas
792 984 884 1029 voees
909 959 1064 1049 „Senator
1086 954 1170 1028 εἶναι
1191 957 1359 1044 νομίσαςίῑ,

259 1074 408 1164 Polybius
437 1097 454 1141 e
484 1062 738 1157 Carthaginiensi
770 1077 882 1139 autore
911 1071 1033 1151 hausit,
1070 1092 1163 1154 quem
1193 1093 1218 1137 ο.
1245 1068 1361 1135 105.8
1474 1148 1475 1155 ρ

259 1189 384 1268 quoque
405 1184 549 1250 nominat
569 1182 672 1249 verbis
696 1183 789 1262 ,μοῖς
809 1180 870 1264 μὲν
891 1170 947 1246 οὖν
969 1174 1047 1268 παρ’
1059 1174 1157 1246 αὐτὸν
1178 1179 1363 1266 γενομένοις

257 1293 315 1362 τὸν
335 1292 508 1362 κίνδυνον(
537 1316 619 1379 quae
640 1293 738 1361 verba
758 1295 793 1359 in
815 1294 956 1359 Silenum
976 1298 1012 1359 ut
1033 1298 1111 1375 puto
1133 1292 1363 1366 demonstrant,

258 1407 334 1475 dum
362 1409 466 1476 verbis
496 1406 699 1490 sequentibus
730 1408 825 1486 ,μοῖς
847 1399 877 1471 δ’
899 1403 934 1470 ἐν
953 1408 995 1491 τῇ
1013 1399 1119 1493 Ῥώμῃ
1139 1401 1215 1469 alae
1236 1401 1361 1490 ἐγένετο
1475 1410 1476 1413 ’

257 1514 396 1609 φανερὸν
418 1515 720 1605 ὁμολογουμένως“.
1475 1510 1476 1513 '

265 1647 267 1650 ⁴
425 1668 642 1724 mame
1000 1663 1179 1720 mmm
1272 1650 1273 1653 ‘

347 1755 350 1761 ’
954 1762 1002 1829 qui
1020 1760 1138 1815 Fabiam
1156 1777 1214 1829 seq.
1247 1764 1251 1769 ’

257 1856 292 1926 τί
334 1858 483 1946 διαφέρει
532 1860 768 1944 στρατιωτικῆς
811 1850 880 1920 ὑπὸ
903 1851 1035 1920 πάντων
1058 1852 1175 1943 ἐκρίθη
1199 1851 1363 1934 Μινίκιος

259 1967 462 2059 προπετείας
495 1970 552 2035 καὶ
587 1963 772 2049 κενοδοξίας
813 1965 873 2051 μὲν
890 1961 1056 2055 ἀφροσύνῃ
1070 1967 1125 2033 καὶ
1141 1964 1278 2056 ἀπειρίᾳ
1291 1971 1363 2048 τοῖς

258 2073 501 2170 στρατηγικὴ
523 2074 692 2166 προνοία
711 2070 768 2142 καί
812 2071 902 2155 ὅλοις
937 2069 1118 2160 ἐπταικώς,
1164 2072 1290 2164 Φάβιος
1326 2079 1363 2148 δὲ

258 2185 417 2278 λογισμὸς
447 2184 551 2267 ἑστὼς
580 2183 637 2252 καὶ
665 2209 772 2251 νουνε·
814 2178 996 2274 ἀγχινοίᾳ
1016 2184 1072 2251 καί
1087 2181 1186 2277 ἀρετῇ
1201 2209 1363 2276 στρατη.

256 2298 316 2390 χής
338 2350 379 2368 ..
811 2301 903 2385 μιμῇ
924 2295 977 2363 διὰ
1001 2294 1127 2378 παντὸς
1148 2296 1364 2386 προνενοημέε
1400 2314 1402 2317 ·

282 2430 305 2436 ’·
655 2405 657 2409 ’
810 2431 866 2487 νος
886 2411 946 2495 τῆς
966 2401 1149 2496 ἀσφαλείας
1171 2460 1179 2476 .
1200 2457 1210 2475 .
1233 2459 1274 2477 ..

258 2519 394 2593 Fabium
416 2524 569 2590 nominat.
1237 2507 1241 2514 ’

279 2760 283 2765 ’
346 2755 374 2803 ο,
398 2729 522 2796 106-7
549 2730 664 2812 quibus
684 2750 736 2795 res
755 2729 918 2796 Romanae
939 2730 1128 2813 traduntur,
1163 2733 1240 2800 belli
1262 2704 1389 2820 appa..

259 2848 363 2923 ratus,
384 2842 421 2908 L.
445 2841 598 2907 Aemilius
620 2847 651 2907 et
672 2840 706 2907 C.
730 2841 894 2908 Terentius
917 2843 1061 2910 eonsules
1083 2846 1237 2913 nemete.
1260 2869 1277 2914 e
1298 2848 1362 2915 Re·

259 2974 355 3023 mano
377 2957 488 3019 autore
509 2952 608 3019 Fabio
630 2953 784 3038 pendent,
812 2954 853 3021 ef.
972 3032 980 3053 Ι

438 3083 543 3160 Pone.
564 3085 622 3137 107.
640 3084 657 3136 9
1014 3087 1097 3143 Diod.
1116 3090 1195 3144 26.7

259 3171 399 3244 ἑκάστου
426 3182 492 3244 τῶν
520 3179 752 3264 στρατοπέδων
779 3175 811 3246 ἔ-
853 3177 937 3245 κατὰ
958 3180 994 3246 δὲ
1012 3175 1183 3266 Ῥωμαίοις
1203 3179 1222 3272 ἡ
1244 3182 1361 3271 λενεών

258 3309 374 3370 χοντος
393 3282 512 3377 ἄνδρας
539 3284 587 3370 εἰς
608 3292 694 3358 5000
713 3290 811 3380 χωρίς
853 3292 939 3358 5000
959 3287 1043 3358 εἰσίν
1066 3342 1073 3359 .
1098 3344 1137 3360 ..

260 3403 327 3466 τῶν
347 3397 525 3485 συμμάχων
545 3451 554 3469 .
577 3452 619 3470 ..

267 3681 273 3693 ,
347 3631 375 3685 ο.
399 3619 566 3685 108-118
596 3641 648 3688 res
676 3626 783 3706 gestae
810 3641 910 3705 usque
937 3621 979 3688 ad
1005 3644 1144 3708 pugnam
1165 3623 1361 3693 Cannensem

262 3736 296 3801 et
315 3752 423 3817 pugna
445 3731 621 3799 Cannensis
642 3740 822 3800 narrantur.

267 3874 272 3885 ν
306 3854 309 3859 “
348 3841 513 3926 Polybium
540 3843 830 3926 θονίίιορίνιίιοοενα
852 3846 1036 3929 scriptorem
1059 3846 1199 3914 Silenum
1221 3855 1363 3917 secutum

262 3973 332 4021 esse
352 3975 392 4020 ex
413 3974 450 4020 eo
472 3953 613 4023 videmus
634 3955 720 4037 qued
742 3954 847 4021 differt
868 3977 888 4021 a
909 3955 991 4021 Livii
1012 3957 1194 4025 narratione

269 4099 275 4111 ..
351 4067 383 4151 1)
405 4066 439 4133 in
460 4067 599 4133 numeris
620 4068 755 4135 Romani
776 4068 932 4136 exereitus
953 4071 1140 4139 enarrandis
