<?xml version="1.0" encoding="UTF-8"?>
<!DOCTYPE html PUBLIC "-//W3C//DTD XHTML 1.0 Transitional//EN"
    "http://www.w3.org/TR/xhtml1/DTD/xhtml1-transitional.dtd">
<html xmlns="http://www.w3.org/1999/xhtml" xml:lang="en" lang="en">
 <head>
  <title>
</title>
<meta http-equiv="Content-Type" content="text/html;charset=utf-8" />
  <meta name='ocr-system' content='tesseract 3.04.00' />
  <meta name='ocr-capabilities' content='ocr_page ocr_carea ocr_par ocr_line ocrx_word'/>
</head>
<body>
  <div class='ocr_page' id='page_1' title='image "./quaeriturundebe01vollgoog_0066.png"; bbox 0 0 3038 4736; ppageno 0'>
   <div class='ocr_carea' id='block_1_1' title="bbox 721 344 768 415">
    <p class='ocr_par' dir='ltr' id='par_1_1' title="bbox 721 344 768 415">
     <span class='ocr_line' id='line_1_1' title="bbox 721 344 768 415; baseline 0 0"><span class='ocrx_word' id='word_1_1' title='bbox 721 344 768 415; x_wconf 91' lang='grc'><strong>61</strong></span> 
     </span>
    </p>
   </div>
   <div class='ocr_carea' id='block_1_2' title="bbox 729 545 774 601">
    <p class='ocr_par' dir='ltr' id='par_1_2' title="bbox 729 545 774 601">
     <span class='ocr_line' id='line_1_2' title="bbox 729 545 774 601; baseline 0 0"><span class='ocrx_word' id='word_1_2' title='bbox 729 545 774 601; x_wconf 86' lang='lat' dir='ltr'><strong>IV.</strong></span> 
     </span>
    </p>
   </div>
   <div class='ocr_carea' id='block_1_3' title="bbox 168 668 1305 4213">
    <p class='ocr_par' dir='ltr' id='par_1_3' title="bbox 200 668 1300 961">
     <span class='ocr_line' id='line_1_3' title="bbox 285 668 1300 755; baseline -0.006 -15"><span class='ocrx_word' id='word_1_3' title='bbox 285 695 312 740; x_wconf 87' lang='lat' dir='ltr'><strong>o.</strong></span> <span class='ocrx_word' id='word_1_4' title='bbox 333 672 471 738; x_wconf 77' lang='lat'><strong>57-59.</strong></span> <span class='ocrx_word' id='word_1_5' title='bbox 512 670 551 737; x_wconf 93' lang='lat' dir='ltr'><strong>In</strong></span> <span class='ocrx_word' id='word_1_6' title='bbox 577 669 689 748; x_wconf 87' lang='lat' dir='ltr'><strong>rebus,</strong></span> <span class='ocrx_word' id='word_1_7' title='bbox 721 691 805 753; x_wconf 89' lang='lat' dir='ltr'><strong>quae</strong></span> <span class='ocrx_word' id='word_1_8' title='bbox 835 691 975 755; x_wconf 88' lang='lat' dir='ltr'><strong>pugnam</strong></span> <span class='ocrx_word' id='word_1_9' title='bbox 1006 669 1049 735; x_wconf 86' lang='lat' dir='ltr'><strong>ad</strong></span> <span class='ocrx_word' id='word_1_10' title='bbox 1076 668 1222 735; x_wconf 83' lang='lat' dir='ltr'>Trebiam</span> <span class='ocrx_word' id='word_1_11' title='bbox 1251 689 1300 735; x_wconf 92' lang='lat' dir='ltr'><strong>se-</strong></span> 
     </span>
     <span class='ocr_line' id='line_1_4' title="bbox 201 778 1299 867; baseline -0.006 -17"><span class='ocrx_word' id='word_1_12' title='bbox 201 790 357 867; x_wconf 87' lang='lat' dir='ltr'><strong>quuntur,</strong></span> <span class='ocrx_word' id='word_1_13' title='bbox 393 782 500 848; x_wconf 82' lang='lat' dir='ltr'><strong>Livius</strong></span> <span class='ocrx_word' id='word_1_14' title='bbox 528 801 593 846; x_wconf 90' lang='lat' dir='ltr'><strong>non</strong></span> <span class='ocrx_word' id='word_1_15' title='bbox 620 779 762 845; x_wconf 82' lang='lat' dir='ltr'><strong>(laelium</strong></span> <span class='ocrx_word' id='word_1_16' title='bbox 791 780 848 845; x_wconf 88' lang='lat' dir='ltr'><strong>sed</strong></span> <span class='ocrx_word' id='word_1_17' title='bbox 876 779 1037 845; x_wconf 87' lang='lat' dir='ltr'><strong>Valerium</strong></span> <span class='ocrx_word' id='word_1_18' title='bbox 1070 778 1233 844; x_wconf 81' lang='lat' dir='ltr'><strong>Antiatem</strong></span> <span class='ocrx_word' id='word_1_19' title='bbox 1265 778 1299 843; x_wconf 94' lang='lat' dir='ltr'><strong>in</strong></span> 
     </span>
     <span class='ocr_line' id='line_1_5' title="bbox 200 897 421 961; baseline -0.018 0"><span class='ocrx_word' id='word_1_20' title='bbox 200 916 292 961; x_wconf 90' lang='lat' dir='ltr'><strong>usum</strong></span> <span class='ocrx_word' id='word_1_21' title='bbox 320 897 421 959; x_wconf 82' lang='lat' dir='ltr'><strong>vocat.</strong></span> 
     </span>
    </p>

    <p class='ocr_par' dir='ltr' id='par_1_4' title="bbox 194 1003 1300 1314">
     <span class='ocr_line' id='line_1_6' title="bbox 287 1003 1300 1090; baseline -0.005 -16"><span class='ocrx_word' id='word_1_22' title='bbox 287 1009 468 1090; x_wconf 84' lang='lat' dir='ltr'>Sequuntur</span> <span class='ocrx_word' id='word_1_23' title='bbox 490 1005 573 1072; x_wconf 91' lang='lat' dir='ltr'><strong>enim</strong></span> <span class='ocrx_word' id='word_1_24' title='bbox 595 1005 732 1089; x_wconf 92' lang='lat' dir='ltr'><strong>primum</strong></span> <span class='ocrx_word' id='word_1_25' title='bbox 753 1025 804 1069; x_wconf 84' lang='lat' dir='ltr'><strong>reu</strong></span> <span class='ocrx_word' id='word_1_26' title='bbox 826 1003 968 1069; x_wconf 88' lang='lat' dir='ltr'><strong>urbanae</strong></span> <span class='ocrx_word' id='word_1_27' title='bbox 983 1003 1201 1089; x_wconf 90' lang='lat' dir='ltr'><strong>Sempronium</strong></span> <span class='ocrx_word' id='word_1_28' title='bbox 1225 1025 1300 1070; x_wconf 88' lang='lat' dir='ltr'><strong>oon-</strong></span> 
     </span>
     <span class='ocr_line' id='line_1_7' title="bbox 201 1115 1300 1188; baseline -0.004 0"><span class='ocrx_word' id='word_1_29' title='bbox 201 1121 301 1188; x_wconf 91' lang='lat' dir='ltr'><strong>sulem</strong></span> <span class='ocrx_word' id='word_1_30' title='bbox 322 1122 382 1187; x_wconf 90' lang='lat' dir='ltr'><strong>iter</strong></span> <span class='ocrx_word' id='word_1_31' title='bbox 403 1120 536 1184; x_wconf 82' lang='lat' dir='ltr'><strong>Romam</strong></span> <span class='ocrx_word' id='word_1_32' title='bbox 557 1117 669 1183; x_wconf 82' lang='lat' dir='ltr'><strong>fecisse</strong></span> <span class='ocrx_word' id='word_1_33' title='bbox 691 1123 726 1182; x_wconf 92' lang='lat' dir='ltr'><strong>ut</strong></span> <span class='ocrx_word' id='word_1_34' title='bbox 748 1117 876 1182; x_wconf 88' lang='lat' dir='ltr'><strong>comitia</strong></span> <span class='ocrx_word' id='word_1_35' title='bbox 904 1115 1037 1183; x_wconf 90' lang='lat' dir='ltr'><strong>haberet</strong></span> <span class='ocrx_word' id='word_1_36' title='bbox 1058 1123 1091 1182; x_wconf 91' lang='lat' dir='ltr'><strong>et</strong></span> <span class='ocrx_word' id='word_1_37' title='bbox 1111 1116 1300 1184; x_wconf 81' lang='lat' dir='ltr'><strong>Hannibalis</strong></span> 
     </span>
     <span class='ocr_line' id='line_1_8' title="bbox 194 1230 600 1314; baseline -0.012 -16"><span class='ocrx_word' id='word_1_38' title='bbox 194 1231 352 1298; x_wconf 86' lang='lat' dir='ltr'><strong>hibernae</strong></span> <span class='ocrx_word' id='word_1_39' title='bbox 374 1230 600 1314; x_wconf 81' lang='lat' dir='ltr'>expeditiones,</span> 
     </span>
    </p>

    <p class='ocr_par' dir='ltr' id='par_1_5' title="bbox 168 1338 1302 1964">
     <span class='ocr_line' id='line_1_9' title="bbox 287 1338 1302 1423; baseline -0.003 -15"><span class='ocrx_word' id='word_1_40' title='bbox 287 1345 433 1410; x_wconf 85' lang='lat' dir='ltr'><strong>Duarum</strong></span> <span class='ocrx_word' id='word_1_41' title='bbox 453 1343 495 1407; x_wconf 88' lang='lat' dir='ltr'><strong>ad</strong></span> <span class='ocrx_word' id='word_1_42' title='bbox 518 1341 710 1406; x_wconf 82' lang='lat' dir='ltr'><strong>Placentiam</strong></span> <span class='ocrx_word' id='word_1_43' title='bbox 732 1361 910 1423; x_wconf 90' lang='lat' dir='ltr'><strong>pugnarum</strong></span> <span class='ocrx_word' id='word_1_44' title='bbox 926 1338 1027 1404; x_wconf 85' lang='lat' dir='ltr'><strong>altera</strong></span> <span class='ocrx_word' id='word_1_45' title='bbox 1045 1339 1087 1404; x_wconf 88' lang='lat' dir='ltr'><strong>ad</strong></span> <span class='ocrx_word' id='word_1_46' title='bbox 1103 1339 1221 1406; x_wconf 89' lang='lat' dir='ltr'><strong>Valerii</strong></span> <span class='ocrx_word' id='word_1_47' title='bbox 1236 1343 1302 1405; x_wconf 90' lang='lat' dir='ltr'><strong>An-</strong></span> 
     </span>
     <span class='ocr_line' id='line_1_10' title="bbox 168 1448 1301 1538; baseline -0.004 -17"><span class='ocrx_word' id='word_1_48' title='bbox 168 1494 171 1497; x_wconf 95' lang='lat'>·</span> <span class='ocrx_word' id='word_1_49' title='bbox 199 1456 288 1521; x_wconf 87' lang='lat' dir='ltr'><strong>tiatis</strong></span> <span class='ocrx_word' id='word_1_50' title='bbox 308 1474 434 1538; x_wconf 84' lang='lat' dir='ltr'><strong>pugnae</strong></span> <span class='ocrx_word' id='word_1_51' title='bbox 454 1452 653 1517; x_wconf 83' lang='lat' dir='ltr'><strong>narrationes</strong></span> <span class='ocrx_word' id='word_1_52' title='bbox 680 1450 818 1533; x_wconf 81' lang='lat' dir='ltr'><strong>pertinet</strong></span> <span class='ocrx_word' id='word_1_53' title='bbox 846 1448 979 1523; x_wconf 70' lang='lat' dir='ltr'><strong>rverbis:</strong></span> <span class='ocrx_word' id='word_1_54' title='bbox 1012 1450 1210 1531; x_wconf 88' lang='lat' dir='ltr'><strong>„ingentibus</strong></span> <span class='ocrx_word' id='word_1_55' title='bbox 1232 1453 1301 1517; x_wconf 90' lang='lat' dir='ltr'><strong>ani-</strong></span> 
     </span>
     <span class='ocr_line' id='line_1_11' title="bbox 201 1559 1300 1647; baseline -0.005 -15"><span class='ocrx_word' id='word_1_56' title='bbox 201 1567 261 1632; x_wconf 92' lang='lat' dir='ltr'><strong>mis</strong></span> <span class='ocrx_word' id='word_1_57' title='bbox 291 1566 378 1630; x_wconf 88' lang='lat' dir='ltr'><strong>vario</strong></span> <span class='ocrx_word' id='word_1_58' title='bbox 400 1569 513 1628; x_wconf 87' lang='lat' dir='ltr'><strong>eventu</strong></span> <span class='ocrx_word' id='word_1_59' title='bbox 535 1567 709 1647; x_wconf 89' lang='lat' dir='ltr'><strong>pugnatum</strong></span> <span class='ocrx_word' id='word_1_60' title='bbox 732 1566 810 1638; x_wconf 82' lang='lat' dir='ltr'><strong>est‚“</strong></span> <span class='ocrx_word' id='word_1_61' title='bbox 841 1559 905 1623; x_wconf 82' lang='lat'><strong>300</strong></span> <span class='ocrx_word' id='word_1_62' title='bbox 927 1559 963 1622; x_wconf 90' lang='lat' dir='ltr'><strong>R.</strong></span> <span class='ocrx_word' id='word_1_63' title='bbox 986 1580 1035 1641; x_wconf 88' lang='lat' dir='ltr'><strong>eq.</strong></span> <span class='ocrx_word' id='word_1_64' title='bbox 1058 1570 1077 1636; x_wconf 94' lang='lat'>†</span> <span class='ocrx_word' id='word_1_65' title='bbox 1107 1560 1171 1625; x_wconf 81' lang='grc'><strong>300</strong></span> <span class='ocrx_word' id='word_1_66' title='bbox 1193 1560 1300 1628; x_wconf 78' lang='lat' dir='ltr'><strong>Carth.</strong></span> 
     </span>
     <span class='ocr_line' id='line_1_12' title="bbox 203 1671 1301 1759; baseline -0.003 -17"><span class='ocrx_word' id='word_1_67' title='bbox 203 1698 251 1759; x_wconf 86' lang='lat' dir='ltr'><strong>eq.</strong></span> <span class='ocrx_word' id='word_1_68' title='bbox 273 1687 309 1755; x_wconf 87' lang='lat'><strong>†‚</strong></span> <span class='ocrx_word' id='word_1_69' title='bbox 346 1676 409 1740; x_wconf 86' lang='grc'><strong>600</strong></span> <span class='ocrx_word' id='word_1_70' title='bbox 431 1696 461 1758; x_wconf 93' lang='lat' dir='ltr'><strong>p.</strong></span> <span class='ocrx_word' id='word_1_71' title='bbox 486 1684 505 1750; x_wconf 94' lang='lat'>†</span> <span class='ocrx_word' id='word_1_72' title='bbox 531 1674 566 1739; x_wconf 92' lang='lat' dir='ltr'><strong>in</strong></span> <span class='ocrx_word' id='word_1_73' title='bbox 592 1680 727 1755; x_wconf 88' lang='lat' dir='ltr'><strong>utraque</strong></span> <span class='ocrx_word' id='word_1_74' title='bbox 754 1673 869 1757; x_wconf 80' lang='lat' dir='ltr'><strong>parte).</strong></span> <span class='ocrx_word' id='word_1_75' title='bbox 918 1671 1087 1737; x_wconf 87' lang='lat' dir='ltr'><strong>Praeterea</strong></span> <span class='ocrx_word' id='word_1_76' title='bbox 1115 1692 1241 1756; x_wconf 91' lang='lat' dir='ltr'><strong>quoque</strong></span> <span class='ocrx_word' id='word_1_77' title='bbox 1267 1674 1301 1739; x_wconf 92' lang='lat' dir='ltr'><strong>in</strong></span> 
     </span>
     <span class='ocr_line' id='line_1_13' title="bbox 203 1783 1301 1873; baseline -0.004 -19"><span class='ocrx_word' id='word_1_78' title='bbox 203 1788 360 1873; x_wconf 87' lang='lat' dir='ltr'><strong>Apennini</strong></span> <span class='ocrx_word' id='word_1_79' title='bbox 387 1785 525 1852; x_wconf 88' lang='lat' dir='ltr'><strong>transitu</strong></span> <span class='ocrx_word' id='word_1_80' title='bbox 553 1785 732 1851; x_wconf 80' lang='lat' dir='ltr'><strong>enarrando</strong></span> <span class='ocrx_word' id='word_1_81' title='bbox 760 1783 862 1849; x_wconf 86' lang='lat' dir='ltr'><strong>multa</strong></span> <span class='ocrx_word' id='word_1_82' title='bbox 890 1784 924 1848; x_wconf 91' lang='lat' dir='ltr'><strong>in</strong></span> <span class='ocrx_word' id='word_1_83' title='bbox 952 1783 1114 1849; x_wconf 89' lang='lat' dir='ltr'><strong>Valerium</strong></span> <span class='ocrx_word' id='word_1_84' title='bbox 1136 1784 1301 1850; x_wconf 85' lang='lat' dir='ltr'><strong>Antiatum</strong></span> 
     </span>
     <span class='ocr_line' id='line_1_14' title="bbox 203 1898 431 1964; baseline -0.018 -1"><span class='ocrx_word' id='word_1_85' title='bbox 203 1898 431 1964; x_wconf 87' lang='lat' dir='ltr'><strong>demonstrant.</strong></span> 
     </span>
    </p>

    <p class='ocr_par' dir='ltr' id='par_1_6' title="bbox 204 2002 1302 2314">
     <span class='ocr_line' id='line_1_15' title="bbox 289 2002 1302 2089; baseline -0.002 -16"><span class='ocrx_word' id='word_1_86' title='bbox 289 2008 445 2086; x_wconf 87' lang='lat' dir='ltr'><strong>Labores,</strong></span> <span class='ocrx_word' id='word_1_87' title='bbox 481 2025 560 2089; x_wconf 89' lang='lat' dir='ltr'><strong>quos</strong></span> <span class='ocrx_word' id='word_1_88' title='bbox 587 2005 742 2070; x_wconf 89' lang='lat' dir='ltr'><strong>exereitus</strong></span> <span class='ocrx_word' id='word_1_89' title='bbox 765 2002 1073 2088; x_wconf 80' lang='lat' dir='ltr'><strong>Carthaginiensium</strong></span> <span class='ocrx_word' id='word_1_90' title='bbox 1094 2004 1227 2084; x_wconf 83' lang='lat' dir='ltr'><strong>tolerat,</strong></span> <span class='ocrx_word' id='word_1_91' title='bbox 1263 2007 1302 2071; x_wconf 89' lang='lat' dir='ltr'><strong>iis</strong></span> 
     </span>
     <span class='ocr_line' id='line_1_16' title="bbox 204 2104 1302 2206; baseline -0.003 -19"><span class='ocrx_word' id='word_1_92' title='bbox 204 2104 376 2206; x_wconf 80' lang='lat' dir='ltr'><strong>persimiles</strong></span> <span class='ocrx_word' id='word_1_93' title='bbox 398 2124 489 2198; x_wconf 89' lang='lat' dir='ltr'><strong>sunt,</strong></span> <span class='ocrx_word' id='word_1_94' title='bbox 526 2138 605 2201; x_wconf 90' lang='lat' dir='ltr'><strong>quos</strong></span> <span class='ocrx_word' id='word_1_95' title='bbox 632 2118 666 2181; x_wconf 94' lang='lat' dir='ltr'><strong>in</strong></span> <span class='ocrx_word' id='word_1_96' title='bbox 693 2118 745 2182; x_wconf 78' lang='lat' dir='ltr'><strong>ria</strong></span> <span class='ocrx_word' id='word_1_97' title='bbox 774 2138 831 2200; x_wconf 94' lang='lat' dir='ltr'><strong>per</strong></span> <span class='ocrx_word' id='word_1_98' title='bbox 852 2115 1001 2200; x_wconf 89' lang='lat' dir='ltr'><strong>paludem</strong></span> <span class='ocrx_word' id='word_1_99' title='bbox 1025 2116 1146 2199; x_wconf 79' lang='lat' dir='ltr'><strong>(Livius</strong></span> <span class='ocrx_word' id='word_1_100' title='bbox 1167 2117 1218 2183; x_wconf 92' lang='grc'><strong>22.</strong></span> <span class='ocrx_word' id='word_1_101' title='bbox 1242 2119 1263 2183; x_wconf 94' lang='grc'><strong>2</strong></span> <span class='ocrx_word' id='word_1_102' title='bbox 1284 2140 1302 2184; x_wconf 91' lang='lat' dir='ltr'>e</span> 
     </span>
     <span class='ocr_line' id='line_1_17' title="bbox 204 2231 493 2314; baseline -0.017 -16"><span class='ocrx_word' id='word_1_103' title='bbox 204 2233 326 2314; x_wconf 83' lang='lat' dir='ltr'><strong>Caelio)</strong></span> <span class='ocrx_word' id='word_1_104' title='bbox 352 2231 493 2297; x_wconf 86' lang='lat' dir='ltr'><strong>sustinet.</strong></span> 
     </span>
    </p>

    <p class='ocr_par' dir='ltr' id='par_1_7' title="bbox 195 2356 1130 2423">
     <span class='ocr_line' id='line_1_18' title="bbox 195 2356 1130 2423; baseline -0.001 -10"><span class='ocrx_word' id='word_1_105' title='bbox 195 2414 202 2423; x_wconf 75' lang='grc'><strong>,</strong></span> <span class='ocrx_word' id='word_1_106' title='bbox 381 2359 441 2413; x_wconf 76' lang='lat' dir='ltr'><strong>niv.</strong></span> <span class='ocrx_word' id='word_1_107' title='bbox 458 2361 502 2412; x_wconf 89' lang='grc'><strong>21.</strong></span> <span class='ocrx_word' id='word_1_108' title='bbox 521 2356 564 2410; x_wconf 84' lang='lat'><strong>58.</strong></span> <span class='ocrx_word' id='word_1_109' title='bbox 963 2357 1022 2412; x_wconf 86' lang='lat' dir='ltr'><strong>Liv.</strong></span> <span class='ocrx_word' id='word_1_110' title='bbox 1041 2360 1084 2412; x_wconf 87' lang='grc'><strong>22.</strong></span> <span class='ocrx_word' id='word_1_111' title='bbox 1104 2361 1130 2413; x_wconf 93' lang='grc'><strong>2.</strong></span> 
     </span>
    </p>

    <p class='ocr_par' dir='ltr' id='par_1_8' title="bbox 203 2452 1303 3099">
     <span class='ocr_line' id='line_1_19' title="bbox 298 2452 1107 2524; baseline -0.005 -1"><span class='ocrx_word' id='word_1_112' title='bbox 298 2476 315 2523; x_wconf 91' lang='lat' dir='ltr'><strong>e</strong></span> <span class='ocrx_word' id='word_1_113' title='bbox 337 2456 465 2524; x_wconf 90' lang='lat' dir='ltr'><strong>Valerio</strong></span> <span class='ocrx_word' id='word_1_114' title='bbox 487 2452 637 2519; x_wconf 81' lang='lat' dir='ltr'><strong>Antiate?</strong></span> <span class='ocrx_word' id='word_1_115' title='bbox 962 2474 979 2519; x_wconf 94' lang='lat' dir='ltr'><strong>e</strong></span> <span class='ocrx_word' id='word_1_116' title='bbox 1001 2453 1107 2520; x_wconf 87' lang='lat' dir='ltr'><strong>Caelio</strong></span> 
     </span>
     <span class='ocr_line' id='line_1_20' title="bbox 203 2562 1303 2653; baseline -0.005 -16"><span class='ocrx_word' id='word_1_117' title='bbox 203 2576 295 2636; x_wconf 88' lang='lat' dir='ltr'><strong>tanta</strong></span> <span class='ocrx_word' id='word_1_118' title='bbox 309 2570 356 2636; x_wconf 89' lang='lat' dir='ltr'><strong>ris</strong></span> <span class='ocrx_word' id='word_1_119' title='bbox 370 2567 496 2653; x_wconf 86' lang='lat' dir='ltr'><strong>frigoris</strong></span> <span class='ocrx_word' id='word_1_120' title='bbox 512 2566 655 2630; x_wconf 88' lang='lat' dir='ltr'><strong>insecuta</strong></span> <span class='ocrx_word' id='word_1_121' title='bbox 670 2569 727 2643; x_wconf 86' lang='lat' dir='ltr'><strong>est,</strong></span> <span class='ocrx_word' id='word_1_122' title='bbox 771 2562 858 2629; x_wconf 85' lang='lat' dir='ltr'><strong>Galli</strong></span> <span class='ocrx_word' id='word_1_123' title='bbox 880 2585 977 2648; x_wconf 80' lang='lat' dir='ltr'><strong>aeque</strong></span> <span class='ocrx_word' id='word_1_124' title='bbox 998 2564 1150 2628; x_wconf 76' lang='lat' dir='ltr'><strong>sustinere</strong></span> <span class='ocrx_word' id='word_1_125' title='bbox 1174 2585 1208 2630; x_wconf 90' lang='lat' dir='ltr'><strong>se</strong></span> <span class='ocrx_word' id='word_1_126' title='bbox 1229 2585 1303 2649; x_wconf 92' lang='lat' dir='ltr'><strong>pro·</strong></span> 
     </span>
     <span class='ocr_line' id='line_1_21' title="bbox 204 2674 1303 2760; baseline -0.005 -10"><span class='ocrx_word' id='word_1_127' title='bbox 204 2674 294 2750; x_wconf 71' lang='lat' dir='ltr'><strong>ut&#39;ex</strong></span> <span class='ocrx_word' id='word_1_128' title='bbox 307 2683 364 2747; x_wconf 88' lang='lat' dir='ltr'><strong>illa</strong></span> <span class='ocrx_word' id='word_1_129' title='bbox 379 2678 552 2745; x_wconf 88' lang='lat' dir='ltr'><strong>miserabili</strong></span> <span class='ocrx_word' id='word_1_130' title='bbox 567 2677 730 2743; x_wconf 86' lang='lat' dir='ltr'><strong>hominum</strong></span> <span class='ocrx_word' id='word_1_131' title='bbox 764 2677 866 2760; x_wconf 84' lang='lat' dir='ltr'><strong>‘lapsu</strong></span> <span class='ocrx_word' id='word_1_132' title='bbox 888 2696 985 2760; x_wconf 80' lang='lat' dir='ltr'><strong>aeque</strong></span> <span class='ocrx_word' id='word_1_133' title='bbox 1004 2678 1173 2760; x_wconf 72' lang='lat' dir='ltr'><strong>adsurgere</strong></span> <span class='ocrx_word' id='word_1_134' title='bbox 1194 2698 1234 2743; x_wconf 87' lang='lat' dir='ltr'><strong>ex</strong></span> <span class='ocrx_word' id='word_1_135' title='bbox 1247 2699 1303 2744; x_wconf 84' lang='lat' dir='ltr'><strong>ro·</strong></span> 
     </span>
     <span class='ocr_line' id='line_1_22' title="bbox 203 2785 1303 2872; baseline -0.006 -13"><span class='ocrx_word' id='word_1_136' title='bbox 203 2795 477 2872; x_wconf 90' lang='lat' dir='ltr'><strong>iumentorumque</strong></span> <span class='ocrx_word' id='word_1_137' title='bbox 506 2795 627 2871; x_wconf 85' lang='lat' dir='ltr'><strong>strage,</strong></span> <span class='ocrx_word' id='word_1_138' title='bbox 663 2810 733 2851; x_wconf 84' lang='lat' dir='ltr'><strong>eum</strong></span> <span class='ocrx_word' id='word_1_139' title='bbox 776 2785 938 2870; x_wconf 87' lang='lat' dir='ltr'><strong>raginibus</strong></span> <span class='ocrx_word' id='word_1_140' title='bbox 957 2793 1121 2870; x_wconf 79' lang='lat' dir='ltr'><strong>poterant,</strong></span> <span class='ocrx_word' id='word_1_141' title='bbox 1156 2790 1213 2852; x_wconf 89' lang='lat' dir='ltr'><strong>aut</strong></span> <span class='ocrx_word' id='word_1_142' title='bbox 1233 2808 1303 2852; x_wconf 87' lang='lat' dir='ltr'><strong>cor-</strong></span> 
     </span>
     <span class='ocr_line' id='line_1_23' title="bbox 205 2897 1303 2988; baseline -0.005 -17"><span class='ocrx_word' id='word_1_143' title='bbox 205 2927 238 2971; x_wconf 92' lang='lat' dir='ltr'><strong>se</strong></span> <span class='ocrx_word' id='word_1_144' title='bbox 259 2906 393 2988; x_wconf 90' lang='lat' dir='ltr'><strong>quisque</strong></span> <span class='ocrx_word' id='word_1_145' title='bbox 413 2901 557 2965; x_wconf 75' lang='lat' dir='ltr'><strong>extoliere</strong></span> <span class='ocrx_word' id='word_1_146' title='bbox 577 2923 615 2963; x_wconf 80' lang='lat' dir='ltr'><strong>aa</strong></span> <span class='ocrx_word' id='word_1_147' title='bbox 631 2899 732 2964; x_wconf 79' lang='lat' dir='ltr'><strong>levare</strong></span> <span class='ocrx_word' id='word_1_148' title='bbox 773 2920 853 2985; x_wconf 90' lang='lat' dir='ltr'><strong>pora</strong></span> <span class='ocrx_word' id='word_1_149' title='bbox 874 2897 989 2964; x_wconf 87' lang='lat' dir='ltr'><strong>animis</strong></span> <span class='ocrx_word' id='word_1_150' title='bbox 1015 2902 1072 2963; x_wconf 86' lang='lat' dir='ltr'><strong>aut</strong></span> <span class='ocrx_word' id='word_1_151' title='bbox 1098 2898 1221 2964; x_wconf 90' lang='lat' dir='ltr'><strong>animos</strong></span> <span class='ocrx_word' id='word_1_152' title='bbox 1247 2920 1303 2984; x_wconf 91' lang='lat' dir='ltr'><strong>spe</strong></span> 
     </span>
     <span class='ocr_line' id='line_1_24' title="bbox 204 3009 983 3099; baseline -0.014 -15"><span class='ocrx_word' id='word_1_153' title='bbox 204 3019 308 3094; x_wconf 74' lang='lat' dir='ltr'><strong>vellat,</strong></span> <span class='ocrx_word' id='word_1_154' title='bbox 331 3017 386 3080; x_wconf 79' lang='lat' dir='ltr'><strong>diu</strong></span> <span class='ocrx_word' id='word_1_155' title='bbox 407 3012 547 3099; x_wconf 80' lang='lat' dir='ltr'><strong>nequiret</strong></span> <span class='ocrx_word' id='word_1_156' title='bbox 570 3019 628 3079; x_wconf 90' lang='lat' dir='ltr'><strong>eto.</strong></span> <span class='ocrx_word' id='word_1_157' title='bbox 776 3009 983 3078; x_wconf 87' lang='lat' dir='ltr'><strong>sustinebant.</strong></span> 
     </span>
    </p>

    <p class='ocr_par' dir='ltr' id='par_1_9' title="bbox 205 3119 1303 3438">
     <span class='ocr_line' id='line_1_25' title="bbox 288 3119 1303 3212; baseline -0.009 -19"><span class='ocrx_word' id='word_1_158' title='bbox 288 3128 454 3212; x_wconf 88' lang='lat' dir='ltr'><strong>Duplioem</strong></span> <span class='ocrx_word' id='word_1_159' title='bbox 477 3125 557 3189; x_wconf 88' lang='lat' dir='ltr'><strong>Livii</strong></span> <span class='ocrx_word' id='word_1_160' title='bbox 577 3123 762 3190; x_wconf 89' lang='lat' dir='ltr'><strong>relationem</strong></span> <span class='ocrx_word' id='word_1_161' title='bbox 784 3122 921 3188; x_wconf 85' lang='lat' dir='ltr'><strong>maxime</strong></span> <span class='ocrx_word' id='word_1_162' title='bbox 938 3122 972 3185; x_wconf 93' lang='lat' dir='ltr'><strong>in</strong></span> <span class='ocrx_word' id='word_1_163' title='bbox 987 3119 1228 3203; x_wconf 88' lang='lat' dir='ltr'><strong>elephantorum</strong></span> <span class='ocrx_word' id='word_1_164' title='bbox 1244 3142 1303 3185; x_wconf 91' lang='lat' dir='ltr'><strong>nu-</strong></span> 
     </span>
     <span class='ocr_line' id='line_1_26' title="bbox 205 3231 1303 3319; baseline -0.011 -10"><span class='ocrx_word' id='word_1_165' title='bbox 205 3262 291 3309; x_wconf 87' lang='lat' dir='ltr'><strong>mero</strong></span> <span class='ocrx_word' id='word_1_166' title='bbox 320 3237 498 3307; x_wconf 90' lang='lat' dir='ltr'><strong>enarrando</strong></span> <span class='ocrx_word' id='word_1_167' title='bbox 524 3236 684 3316; x_wconf 83' lang='lat' dir='ltr'><strong>videmus3</strong></span> <span class='ocrx_word' id='word_1_168' title='bbox 721 3238 755 3301; x_wconf 94' lang='lat' dir='ltr'><strong>in</strong></span> <span class='ocrx_word' id='word_1_169' title='bbox 781 3256 889 3319; x_wconf 91' lang='lat' dir='ltr'><strong>pugna</strong></span> <span class='ocrx_word' id='word_1_170' title='bbox 910 3233 952 3300; x_wconf 89' lang='lat' dir='ltr'><strong>ad</strong></span> <span class='ocrx_word' id='word_1_171' title='bbox 973 3231 1118 3299; x_wconf 85' lang='lat' dir='ltr'><strong>Trebiam</strong></span> <span class='ocrx_word' id='word_1_172' title='bbox 1142 3232 1303 3317; x_wconf 89' lang='lat' dir='ltr'><strong>elephanti</strong></span> 
     </span>
     <span class='ocr_line' id='line_1_27' title="bbox 205 3354 340 3438; baseline -0.022 -20"><span class='ocrx_word' id='word_1_173' title='bbox 205 3354 340 3438; x_wconf 86' lang='lat' dir='ltr'><strong>periere:</strong></span> 
     </span>
    </p>

    <p class='ocr_par' dir='ltr' id='par_1_10' title="bbox 204 3467 1305 4213">
     <span class='ocr_line' id='line_1_28' title="bbox 293 3467 1201 3535; baseline -0.008 0"><span class='ocrx_word' id='word_1_174' title='bbox 293 3481 354 3535; x_wconf 89' lang='lat' dir='ltr'><strong>Pol.</strong></span> <span class='ocrx_word' id='word_1_175' title='bbox 372 3482 397 3534; x_wconf 85' lang='grc'><strong>3.</strong></span> <span class='ocrx_word' id='word_1_176' title='bbox 416 3483 459 3534; x_wconf 88' lang='grc'><strong>74.</strong></span> <span class='ocrx_word' id='word_1_177' title='bbox 480 3482 510 3533; x_wconf 95' lang='grc'><strong>11</strong></span> <span class='ocrx_word' id='word_1_178' title='bbox 532 3496 547 3532; x_wconf 87' lang='lat' dir='ltr'>e</span> <span class='ocrx_word' id='word_1_179' title='bbox 568 3479 661 3533; x_wconf 82' lang='lat' dir='ltr'><strong>Sileno</strong></span> <span class='ocrx_word' id='word_1_180' title='bbox 870 3475 929 3529; x_wconf 89' lang='lat' dir='ltr'><strong>Liv.</strong></span> <span class='ocrx_word' id='word_1_181' title='bbox 947 3477 989 3528; x_wconf 88' lang='grc'><strong>21.</strong></span> <span class='ocrx_word' id='word_1_182' title='bbox 1009 3476 1052 3528; x_wconf 81' lang='grc'><strong>56.</strong></span> <span class='ocrx_word' id='word_1_183' title='bbox 1072 3491 1087 3529; x_wconf 89' lang='lat' dir='ltr'>e</span> <span class='ocrx_word' id='word_1_184' title='bbox 1106 3467 1201 3528; x_wconf 83' lang='lat' dir='ltr'><strong>(laelio</strong></span> 
     </span>
     <span class='ocr_line' id='line_1_29' title="bbox 205 3569 1304 3661; baseline -0.008 -21"><span class='ocrx_word' id='word_1_185' title='bbox 205 3570 290 3640; x_wconf 79' lang='grc' dir='ltr'><strong><em>ὥστε</em></strong></span> <span class='ocrx_word' id='word_1_186' title='bbox 310 3573 351 3639; x_wconf 82' lang='grc' dir='ltr'><strong>τὰ</strong></span> <span class='ocrx_word' id='word_1_187' title='bbox 372 3572 432 3657; x_wconf 83' lang='grc' dir='ltr'><strong>μὲν</strong></span> <span class='ocrx_word' id='word_1_188' title='bbox 453 3569 556 3661; x_wconf 79' lang='grc' dir='ltr'><strong><em>θηρία</em></strong></span> <span class='ocrx_word' id='word_1_189' title='bbox 584 3571 731 3659; x_wconf 67' lang='lat' dir='ltr'><strong>Arupiu—</strong></span> <span class='ocrx_word' id='word_1_190' title='bbox 773 3573 819 3635; x_wconf 86' lang='lat' dir='ltr'><strong>vis</strong></span> <span class='ocrx_word' id='word_1_191' title='bbox 844 3569 971 3652; x_wconf 86' lang='lat' dir='ltr'><strong>frigoris</strong></span> <span class='ocrx_word' id='word_1_192' title='bbox 993 3569 1180 3653; x_wconf 89' lang='lat' dir='ltr'><strong>elephantos</strong></span> <span class='ocrx_word' id='word_1_193' title='bbox 1203 3591 1304 3653; x_wconf 78' lang='lat' dir='ltr'><strong>prope</strong></span> 
     </span>
     <span class='ocr_line' id='line_1_30' title="bbox 204 3677 1063 3773; baseline -0.009 -24"><span class='ocrx_word' id='word_1_194' title='bbox 204 3690 298 3773; x_wconf 81' lang='grc' dir='ltr'><strong><em>ρῆναι</em></strong></span> <span class='ocrx_word' id='word_1_195' title='bbox 320 3681 422 3771; x_wconf 80' lang='grc' dir='ltr'><strong><em>πλὴν</em></strong></span> <span class='ocrx_word' id='word_1_196' title='bbox 444 3677 539 3761; x_wconf 70' lang='grc' dir='ltr'><strong>ἑνός.</strong></span> <span class='ocrx_word' id='word_1_197' title='bbox 775 3702 880 3744; x_wconf 82' lang='lat' dir='ltr'><strong>omaea</strong></span> <span class='ocrx_word' id='word_1_198' title='bbox 901 3678 1063 3744; x_wconf 85' lang='lat' dir='ltr'><strong>absumsit.</strong></span> 
     </span>
     <span class='ocr_line' id='line_1_31' title="bbox 205 3786 730 3873; baseline -0.013 -13"><span class='ocrx_word' id='word_1_199' title='bbox 205 3794 245 3860; x_wconf 82' lang='lat' dir='ltr'><strong>oi.</strong></span> <span class='ocrx_word' id='word_1_200' title='bbox 260 3795 335 3859; x_wconf 91' lang='lat' dir='ltr'><strong>Zon.</strong></span> <span class='ocrx_word' id='word_1_201' title='bbox 359 3795 388 3859; x_wconf 89' lang='lat'><strong>8.</strong></span> <span class='ocrx_word' id='word_1_202' title='bbox 411 3793 462 3858; x_wconf 79' lang='lat'><strong>85.</strong></span> <span class='ocrx_word' id='word_1_203' title='bbox 479 3792 570 3873; x_wconf 76' lang='lat'>(186)</span> <span class='ocrx_word' id='word_1_204' title='bbox 591 3813 670 3867; x_wconf 78' lang='grc' dir='ltr'><strong><em>τους</em></strong></span> <span class='ocrx_word' id='word_1_205' title='bbox 685 3786 730 3854; x_wconf 72' lang='lat' dir='ltr'><strong>tl..</strong></span> 
     </span>
     <span class='ocr_line' id='line_1_32' title="bbox 206 3898 584 3994; baseline -0.008 -24"><span class='ocrx_word' id='word_1_206' title='bbox 206 3904 293 3994; x_wconf 78' lang='grc' dir='ltr'><strong>πλὴν</strong></span> <span class='ocrx_word' id='word_1_207' title='bbox 314 3901 385 3983; x_wconf 72' lang='grc' dir='ltr'><strong>ἑνὸς</strong></span> <span class='ocrx_word' id='word_1_208' title='bbox 407 3898 584 3989; x_wconf 74' lang='grc' dir='ltr'><strong>ἀπέβαλεν.</strong></span> 
     </span>
     <span class='ocr_line' id='line_1_33' title="bbox 204 4015 1305 4101; baseline -0.005 -15"><span class='ocrx_word' id='word_1_209' title='bbox 204 4024 274 4086; x_wconf 91' lang='lat' dir='ltr'><strong>tum</strong></span> <span class='ocrx_word' id='word_1_210' title='bbox 296 4019 362 4086; x_wconf 82' lang='lat' dir='ltr'><strong>Liv.</strong></span> <span class='ocrx_word' id='word_1_211' title='bbox 385 4019 436 4083; x_wconf 87' lang='grc'><strong>21.</strong></span> <span class='ocrx_word' id='word_1_212' title='bbox 458 4018 501 4082; x_wconf 81' lang='grc'><strong>58</strong></span> <span class='ocrx_word' id='word_1_213' title='bbox 524 4023 634 4082; x_wconf 89' lang='lat' dir='ltr'><strong>narrat</strong></span> <span class='ocrx_word' id='word_1_214' title='bbox 655 4015 690 4079; x_wconf 94' lang='lat' dir='ltr'><strong>in</strong></span> <span class='ocrx_word' id='word_1_215' title='bbox 703 4015 860 4097; x_wconf 83' lang='lat' dir='ltr'><strong>Apennini</strong></span> <span class='ocrx_word' id='word_1_216' title='bbox 883 4016 1019 4082; x_wconf 85' lang='lat' dir='ltr'><strong>transitu</strong></span> <span class='ocrx_word' id='word_1_217' title='bbox 1041 4016 1202 4101; x_wconf 87' lang='lat' dir='ltr'><strong>elephanti</strong></span> <span class='ocrx_word' id='word_1_218' title='bbox 1227 4036 1305 4097; x_wconf 92' lang='lat' dir='ltr'><strong>quo-</strong></span> 
     </span>
     <span class='ocr_line' id='line_1_34' title="bbox 205 4152 269 4213; baseline 0.016 -17"><span class='ocrx_word' id='word_1_219' title='bbox 205 4152 269 4213; x_wconf 88' lang='lat' dir='ltr'><strong>que</strong></span> 
     </span>
    </p>
   </div>
   <div class='ocr_carea' id='block_1_4' title="bbox 0 0 1532 4736">
    <p class='ocr_par' dir='ltr' id='par_1_11' title="bbox 0 0 1532 4736">
     <span class='ocr_line' id='line_1_35' title="bbox 0 0 1532 4736; baseline 0 0"><span class='ocrx_word' id='word_1_220' title='bbox 0 0 1532 4736; x_wconf 95' lang='lat' dir='ltr'><strong> </strong></span> 
     </span>
    </p>
   </div>
  </div>
 </body>
</html>
