3038 4736
225 581 265 626 ex
285 561 325 626 iis
345 562 401 643 qui
421 561 542 648 praelio

224 671 266 737 ad
287 671 433 739 Trebiam
455 674 685 759 superfuerant,

223 791 337 866 septem
360 785 407 867 (7)
428 766 582 866 absumti3
1234 858 1238 863 ,

225 894 360 980 denique
381 897 448 963 Liv.
470 900 521 964 22.
545 900 566 963 2
868 901 907 967 cf.
929 901 996 969 Pol.
1020 902 1050 967 3.
1075 901 1125 971 79.
1152 901 1192 966 12

223 1007 385 1075 Hannibal
415 1009 601 1093 elephanto,
637 1010 692 1092 qui
836 1004 838 1007 ’
891 1007 951 1076 ἐπὶ
979 1015 1038 1076 τοῦ
1068 1009 1322 1100 διαλειφθέντος

223 1138 305 1184 unus
327 1120 534 1203 superfuerat,
556 1126 664 1188 rectus
686 1169 728 1188 ..
888 1116 1018 1210 θηρίου.
1157 1178 1166 1191 .

307 1231 413 1298 Primo
434 1232 505 1299 loco
528 1233 592 1316 (21.
616 1234 672 1315 58)
699 1235 805 1300 Livius
824 1234 915 1299 illum
938 1216 1102 1300 annalinm
1124 1233 1320 1317 scriptorem,

222 1342 274 1409 cni
295 1343 402 1409 nullus
423 1344 457 1408 in
477 1345 616 1410 numeris
638 1345 801 1411 tradendis
822 1345 994 1411 mentiendi
1016 1344 1128 1416 modus
1149 1351 1234 1424 erat,
1256 1344 1321 1410 Va-

221 1455 335 1520 lerium
357 1456 518 1522 Antiatem
540 1458 690 1539 sequitur,
711 1456 812 1523 altero
834 1457 886 1522 22.
909 1457 939 1536 2,
961 1462 998 1522 ut
1019 1456 1056 1521 B.
1079 1456 1319 1534 demonstrarit,

223 1567 373 1634 Coelium

754 1759 787 1815 V.

307 1901 334 1946 c.
349 1881 472 1945 (to-ol
497 1902 549 1947 res
569 1903 598 1947 a.
615 1882 677 1946 218
698 1881 733 1947 in
754 1882 908 1968 Hispania
930 1903 950 1948 a
969 1882 1025 1948 Gn.
1042 1882 1188 1966 Scipione
1209 1887 1318 1966 gestae

221 1998 393 2059 narrantur
414 2014 433 2059 e
453 1998 557 2060 vetere
577 1994 721 2061 Romano
743 1995 913 2079 scriptore,
933 2000 971 2060 ut
992 1995 1072 2060 Livii
1092 1995 1244 2080 pecuniae
1266 2015 1320 2059 re-

220 2107 266 2172 tio
288 2105 366 2186 „XX
388 2107 516 2174 talentis
538 2109 663 2192 argenti
684 2109 772 2193 pacti
792 2107 981 2188 deduntur‚“
1003 2114 1035 2173 et
1055 2107 1153 2175 verbo
1175 2109 1240 2187 „cio
1260 2105 1318 2171 Hi-

220 2219 351 2286 berum“
383 2241 586 2305 summusque
619 2241 789 2288 consensus
820 2220 904 2287 inter
936 2220 1060 2286 Livium
1091 2219 1319 2306 Polybiumque

221 2329 391 2397 ostendunt
412 2332 493 2413 (Pol.
516 2333 545 2397 3.
563 2332 626 2414 76).
670 2332 794 2398 Livium
816 2354 881 2399 non
902 2354 920 2399 e
941 2332 1072 2417 Polybio
1093 2332 1232 2417 pendere
1252 2332 1317 2433 iam

221 2442 428 2509 Boettcherus
450 2445 602 2524 ostendit,
626 2466 697 2512 cum
719 2445 826 2511 Livius
849 2445 949 2511 multo
971 2444 1071 2511 fusius
1092 2450 1211 2512 narret.

745 2635 791 2688 VI.

307 2781 333 2825 c.
350 2758 392 2822 62
407 2763 439 2825 et
461 2759 503 2823 63
525 2779 576 2824 res
596 2758 738 2826 urbanae
759 2764 941 2839 narrantur,
961 2760 1108 2844 prodigia
1125 2781 1166 2827 sc
1189 2760 1317 2825 comitia

221 2871 263 2967 ad
291 2871 435 2937 consules
462 2871 614 2936 creandos
643 2877 676 2937 et
705 2872 865 2938 eontentio
887 2872 970 2938 inter
991 2879 1097 2956 patres
1119 2873 1316 2957 plebemque,

221 3003 303 3064 quae
324 3004 341 3047 e
363 2981 492 3048 Valerio
514 2983 641 3049 Antiate
663 2982 778 3049 hausta
799 2988 888 3062 sunt,
921 2989 958 3049 nt
979 2985 1167 3068 cognomina
1188 2984 1222 3051 Ο.
1247 2985 1318 3049 Ati·

220 3092 283 3158 lius
311 3092 466 3160 Serranus
494 3101 572 3181 etc,
608 3094 753 3160 Romana
780 3095 932 3179 pecuniae
960 3097 1042 3162 ratio
1075 3097 1166 3177 „auri
1193 3096 1318 3182 pondus
1395 3088 1409 3175 ¹,

221 3203 298 3270 XL“
321 3207 500 3272 ostendunt.
847 3205 849 3210 ’

304 3423 344 3489 In
364 3423 425 3490 heo
445 3431 537 3509 parts
557 3427 654 3510 igitur
681 3433 746 3494 tres
768 3447 893 3510 quoque
915 3431 1103 3497 traditiones
1125 3433 1316 3517 compositas

220 3532 355 3600 vidimus

308 3647 342 3734 1)
364 3669 391 3713 c.
415 3647 551 3730 39-48,
578 3673 605 3718 e.
626 3651 754 3716 52-56
776 3673 793 3718 e
816 3652 924 3718 Caelio
945 3654 1123 3740 Antipatro,

270 3823 272 3827 .
305 3757 338 3835 n)
361 3777 388 3822 ο.
411 3758 549 3838 sr-es,
571 3782 597 3825 ο.
621 3761 747 3826 sn-es
769 3784 787 3828 θ
809 3763 936 3830 valerio
958 3748 1095 3846 inciae,

305 3867 339 3949 3)
361 3890 388 3934 c.
411 3869 549 3951 49-51,
571 3893 596 3938 c.
620 3873 744 3938 60-61
768 3896 786 3941 e
807 3874 907 3943 Fabio
922 3881 976 3960 (t).
1000 3940 1006 3946 .
