3038 4736
302 397 361 454 Pol.
380 401 406 454 3.
426 401 486 455 113.
503 400 521 456 5
688 308 736 381 21
907 404 968 460 niv.
987 408 1030 461 22.
1049 407 1084 461 36
1199 359 1206 365 ι

850 502 974 571 (quidam
990 505 1132 576 auctores)

167 593 326 678 8000ορ.
360 591 456 661 '6000
477 616 526 680 eq.
548 598 638 663 Rom.
759 599 866 665 87200
887 622 918 684 p.
940 601 1030 666 Rom.
1134 676 1136 679 ¹

165 704 274 770 40000
294 757 315 786 ,,
351 708 456 772 10000
492 759 511 788 ,,
551 708 660 777 Carth.
760 711 868 778 40000
889 761 909 794 ,,
944 714 1049 779 10000
1070 715 1175 800 eqC.

228 902 232 909 ι
251 818 288 905 2)
309 819 343 884 in
363 822 431 888 acic
451 843 619 907 pugnaque
640 796 847 891 describenda

277 943 282 948 ’
620 931 664 998 Μ.
689 935 803 1000 Atilius

294 1043 330 1108 L.
351 1044 502 1111 Aemilius
557 1074 563 1079 ·
594 1045 649 1111 On.
674 1046 824 1114 Servilius
914 1048 948 1114 0.
970 1036 1135 1116 Terentius

226 1144 397 1235 Ῥωμαίων
419 1148 539 1232 ἱππεῖς
665 1151 763 1236 πεζοί
877 1153 998 1236 ἱππεῖς
1019 1153 1195 1242 συμμάχων

646 1258 777 1348 εὔζωνοι

491 1377 668 1465 Βαλιαρεῖς
688 1403 718 1445 κ.
741 1376 937 1469 λογχοφόροι

37 1572 39 1589 i
249 1481 370 1566 ἱππεῖς
457 1493 494 1568 ¹l2
517 1487 615 1572 πεζοὶ
657 1491 755 1573 πεζοί
800 1499 838 1575 ¹l2
862 1489 959 1575 πεζοί
1000 1490 1189 1577 Νομοδικοί
1261 1514 1264 1515 ’

36 1680 38 1697 ἐ
150 1591 283 1685 Ἴβηρες
292 1621 321 1662 κ.
329 1594 454 1665 Κελτοί
473 1595 604 1685 Λίβυες
632 1595 767 1689 Ἴβηρες
809 1600 939 1687 Λίβυες
1025 1601 1145 1685 ἱππεῖς
1264 1634 1266 1642 ·

36 1700 38 1729 l

617 1736 646 1778 κ.
663 1709 788 1778 Κελτοί

293 1822 451 1889 Asdrubal
665 1825 805 1891 Annibal
1020 1832 1114 1894 Anno

681 1938 777 2023 Mago
1142 1956 1145 1961 ’
1180 1958 1208 1963 ·“
1262 1948 1266 1957 ’

166 2072 168 2074 ·
247 2050 340 2135 Apud
355 2051 629 2136 Carthaginienses
648 2053 886 2119 accuratissime
909 2051 1049 2137 singulas
1071 2052 1179 2136 copias
1201 2052 1263 2118 dif-

158 2160 239 2239 fert,
274 2160 309 2226 in
330 2161 474 2227 Romana
502 2167 593 2244 parte
620 2166 745 2227 tantum
767 2157 887 2243 πεζούς
909 2167 941 2228 et
963 2156 1092 2238 ἱππεῖς,
1137 2161 1264 2245 Lunata

33 2322 35 2325 .
132 2330 136 2335 .
158 2271 252 2351 acies,
273 2272 376 2338 media
398 2273 481 2337 acies
504 2270 628 2351 cedens,
649 2273 717 2337 Afro·
741 2292 860 2339 cornua
881 2272 1034 2338 facientes
1053 2264 1264 2357 (ἒπόἷοπίδα

160 2389 192 2449 et
212 2380 271 2449 ἐπὶ
292 2380 370 2468 δόρυ
392 2378 606 2467 ἐγκλίναντες)
628 2405 649 2448 a
670 2384 792 2450 Graeco
814 2385 914 2451 milite
935 2390 1079 2464 tantum,
1112 2386 1168 2469 qui
1188 2385 1263 2451 huic

159 2516 283 2580 pugnae
303 2494 411 2574 affuit,
439 2500 504 2561 tam
526 2501 674 2561 accurate
696 2495 907 2561 demonstrari
927 2497 1041 2579 potuit

244 2606 394 2686 Fabium,
428 2625 520 2689 quem
550 2606 686 2672 Romani
712 2607 881 2690 optimates
911 2606 1007 2691 paulo
1036 2612 1110 2691 post
1138 2607 1262 2674 cladem
1312 2602 1316 2607 ’

159 2716 355 2783 Cannensem
377 2715 518 2799 Delphos
541 2717 709 2796 miserunt,
730 2718 785 2800 qui
806 2722 935 2783 senator
956 2718 1076 2782 Romae
1097 2722 1185 2797 erat,
1208 2718 1263 2800 qni

158 2827 289 2896 bellicas
316 2828 426 2894 laudes
454 2829 519 2893 iam
549 2830 590 2894 10
615 2829 707 2895 annis
737 2835 813 2896 ante
840 2831 875 2894 in
905 2829 990 2895 bello
1017 2834 1130 2895 contra
1152 2828 1262 2894 Gallos

158 2947 247 3025 gesto
268 2946 451 3024 acceperat,
483 2962 608 3025 pugnae
636 2941 763 3007 affuisse
792 2948 917 3009 ettam
946 2948 1094 3009 accurate
1116 2963 1187 3007 eam
1207 2941 1262 3008 de·
1299 2968 1305 2980 ·

159 3038 295 3118 scribere
315 3052 455 3136 potuisse
476 3050 562 3116 haud
583 3051 752 3119 verisimile
772 3058 829 3118 est.
1136 3064 1140 3069 “

244 3163 281 3246 3)
303 3163 429 3228 variant
451 3162 600 3247 Polybius
621 3163 790 3246 Liuiusque
811 3164 845 3228 in
868 3163 1008 3229 numeris
1029 3182 1193 3228 caesorum
1215 3161 1262 3227 ita

159 3279 196 3339 nt
215 3274 322 3340 Livius
344 3274 485 3341 exactius
506 3275 720 3341 Romanorum
742 3296 924 3355 numerum,
953 3274 1102 3360 Polybius
1125 3274 1261 3341 Carthe-

159 3385 347 3470 giniensium
365 3384 485 3451 tradat.

305 3494 366 3549 Pol.
383 3497 408 3548 3.
429 3497 524 3549 117.3
876 3546 880 3552 ,
910 3495 970 3550 Liv.
988 3499 1031 3549 22.
1051 3496 1109 3550 40·
1196 3506 1223 3519 “·

278 3588 384 3653 70000
404 3589 494 3655 Rom.
517 3598 546 3666 †.
859 3589 967 3654 45500
990 3589 1080 3654 Rom.
1102 3600 1130 3665 †.

282 3701 386 3766 10000
429 3750 448 3780 ,,
513 3702 607 3785 eapti.
881 3700 967 3765 2700
988 3720 1038 3783 eq.
1060 3700 1151 3765 Rom.
1174 3682 1214 3775 †.'

345 3812 387 3876 70
408 3831 458 3895 eq.
480 3811 716 3878 cum.Var'rone
913 3811 967 3894 (21
989 3811 1063 3876 trib.
1087 3811 1152 3876 mil.
1174 3816 1217 3892 †.)

479 3923 644 3990 Venusiae.
878 3922 965 3987 3000
986 3940 1018 4004 p.
1040 3920 1135 4005 capti.

325 4035 390 4101 300
410 4055 459 4119 eq.
483 4056 547 4102 soc.
570 4030 749 4124 σποράδην.
882 4033 965 4099 1500
987 4053 1035 4129 eq.
1068 4079 1088 4113 „

929 4143 964 4211 in
985 4165 1104 4231 pugna.
