3038 4736
771 319 819 402 12

244 524 400 605 quuutur,
417 538 486 585 non
507 519 633 587 duxisse
653 520 729 589 deos
750 522 977 603 Hannibalem,
998 523 1053 590 sed
1075 522 1287 593 Hannibalem
1307 528 1342 595 id

244 630 418 696 somniasse
438 637 550 696 narrat
567 631 648 707 (Cic.
672 632 712 700 de
733 633 795 700 div.
821 637 848 700 1.
872 635 923 700 24.
944 635 1012 714 49).

330 740 462 807 Illorum
496 742 685 825 scriptorum
720 744 837 810 fabulis
873 743 1029 828 nugisque
1064 742 1214 828 Polybius
1250 765 1340 817 suam

149 828 153 837 ⁵
243 853 465 917 auctoritatem
487 853 619 934 opponit
639 856 671 917 et
693 873 726 918 se
746 853 850 936 ipsum
871 853 1037 920 itineribus
1058 872 1115 936 per
1132 853 1228 936 Alpes
1247 853 1341 925 factis

246 962 348 1042 (velut
366 961 396 1026 3.
417 962 469 1027 54.
494 963 512 1026 7
539 964 655 1029 itinera
682 985 739 1048 per
760 964 914 1043 Galliam,
949 963 1153 1047 Hispaniam,
1189 964 1340 1045 Africam,

244 1073 423 1157 Oceanique
443 1080 544 1140 terras
566 1078 734 1161 memorat)
763 1076 846 1142 viam
875 1096 1026 1160 cognosse
1055 1081 1088 1145 et
1107 1076 1265 1159 ‘aequales
1290 1099 1341 1143 re-

243 1206 315 1251 rum
338 1191 520 1270 gestarum,
553 1206 636 1269 vquos
662 1192 775 1255 xtamen
804 1208 869 1253 non
899 1187 1059 1266 nominat,
1096 1191 1238 1253 secutum
1273 1209 1341 1255 osse

244 1295 322 1365 dicit
733 1312 736 1320 ⁴

330 1406 360 1471 3.
383 1407 435 1473 48.
460 1409 500 1473 12
521 1405 600 1489 „cllo
621 1405 660 1479 τὸ
683 1405 762 1496 περὶ
782 1412 847 1474 τῶν
868 1404 1018 1496 πράξεων
1040 1402 1237 1497 ααράὗτῶν
1252 1405 1341 1477 loco·

244 1517 374 1608 ρηκέναι
396 1523 461 1585 τῶν
481 1517 769 1608 τταρατετεοχότων
789 1524 861 1600 τοῖς
881 1524 1041 1609 καιροῖς.“

328 1631 388 1697 Ter
410 1631 559 1716 Polybius
586 1635 620 1699 in
646 1634 728 1699 libro
750 1634 863 1713 tertio,
896 1635 931 1699 in
952 1634 1036 1701 bello
1059 1635 1179 1702 Punico
1201 1635 1340 1702 secundo

244 1743 436 1823 enarrando,
458 1746 606 1828 aequales
626 1747 754 1813 illorum
775 1753 955 1832 temporum
972 1748 1115 1831 profert,
1135 1748 1185 1813 bis
1205 1753 1242 1813 ut
1262 1751 1340 1831 puto

245 1855 403 1922 Romanos
425 1862 537 1937 testes,
566 1859 663 1924 semel
686 1859 988 1944 Carthaginiensem.

332 1968 365 2052 1)
387 1968 417 2032 3.
440 1967 491 2033 85,
515 1968 534 2032 8
564 1970 676 2040 nuntio
705 1969 805 2035 cladis
833 1970 875 2035 ad
905 1970 1009 2036 lacum
1039 1969 1257 2035 Trasimenum
1287 1990 1341 2035 ac-

244 2086 356 2164 ceptae
372 2081 505 2146 Romam
527 2081 635 2166 adlato
657 2077 874 2169 ,μηλικαύτην
897 2079 1013 2169 συνέβη
1035 2078 1192 2165 γενέσθαι
1212 2079 1342 2166 διατρο-

244 2187 312 2280 πὴν
344 2186 429 2256 ὥστε
458 2193 529 2270 τοῖς
557 2188 833 2277 παραγενομένοις
864 2185 916 2279 ἐφ’
937 2187 1101 2278 ἑκατέρων
1128 2195 1193 2267 τῶν
1221 2194 1342 2278 καιρῶν

245 2303 363 2389 πολλῷ
388 2303 503 2385 μεῖζον
528 2297 616 2366 τότεΓ
634 2304 775 2389 φανῆναι
802 2297 841 2367 τὸ
869 2299 999 2386 γεγονὸς
1022 2294 1045 2390 ἢ
1066 2296 1145 2388 παρ’
1166 2295 1265 2367 αὐτὸν
1285 2298 1342 2367 τὸν

245 2419 304 2503 τῆς
323 2412 428 2504 μάχης
448 2411 599 2502 καιρόν,“
626 2414 680 2480 ubi
702 2414 836 2481 Fabium
857 2418 992 2498 utputo
1014 2415 1165 2496 sequitur.

326 2526 366 2604 2)
387 2525 419 2590 3:
444 2523 515 2589 105.
539 2524 622 2589 8-9
651 2526 746 2604 ,μοῖς
771 2521 832 2605 μὲν
859 2513 917 2588 οὖν
938 2513 1017 2608 παρ’
1040 2516 1140 2589 αὐτὸν
1160 2522 1344 2609 γενομένοις

245 2633 302 2702 τὸν
323 2631 471 2701 κίνδυνον
492 2625 531 2723 ἦν
552 2632 715 2722 ἔναργές.“
1028 2649 1029 2652 ’

330 2750 367 2835 3)
396 2751 425 2814 9.
456 2751 527 2827 τοῖς
556 2741 586 2813 ὃ)
608 2745 642 2813 έν
662 2750 704 2834 τῇ
723 2741 829 2835 Ῥώμῃ
850 2742 927 2812 τότε
949 2743 1075 2832 ἐγένετο
1097 2743 1251 2834 φανερὸν,
1288 2746 1344 2814 ubi

245 2861 351 2945 priore
371 2861 441 2927 loco
462 2860 613 2938 Silenum
634 2859 735 2924 altero
756 2859 933 2931 Romanum
955 2858 1090 2925 Fabium
1111 2859 1147 2929 iu
1159 2859 1217 2926 illa
1238 2859 1343 2926 Minu-

245 2973 340 3043 ciana'
357 2972 450 3039 clade
470 2971 677 3038 describenda
698 2969 864 3055 significat.

316 3305 484 3372 Omnibus
508 3303 605 3387 igitur
625 3301 660 3367 in
681 3300 759 3366 locis
780 3299 948 3384 Polybium
969 3299 1150 3381 aequalium
1171 3300 1342 3369 relationes

246 3394 447 3504 exscripsisse
467 3417 625 3494 ridemus,
662 3434 742 3496 quos
771 3433 901 3496 perraro
927 3432 969 3477 ac
998 3411 1103 3478 solum
1122 3418 1191 3480 tum
1212 3414 1268 3481 ubi
1288 3434 1342 3487 eos

246 3531 364 3598 refutat
383 3534 441 3595 aut
461 3528 533 3595 aliis
554 3546 607 3593 eos
629 3524 786 3609 praefert,
807 3523 959 3589 nominat.

329 3640 417 3707 Idem
438 3656 564 3721 quoque
584 3637 619 3701 in
640 3633 844 3718 sequentibus
865 3633 955 3700 libris
976 3635 1151 3702 invenimus
1162 3661 1171 3716 ;

247 3756 249 3765 '
333 3754 381 3817 10.
426 3750 455 3812 7.
487 3748 558 3817 ul
590 3768 676 3824 τινες
704 3747 770 3809 τῶν
798 3740 1010 3832 λογογράφων
1037 3741 1123 3832 ὑπὲρ
1156 3746 1216 3832 τῆς
1242 3765 1342 3809 κατα,

248 3867 391 3953 στροφῆς
425 3865 484 3926 τοῦ
515 3854 707 3945 Ἱερωνύμου
733 3853 948 3945 γεγραφότων,
987 3857 1213 3941 Syracusarum
1240 3857 1342 3924 histo·

245 3976 313 4045 riae
334 3973 501 4056 scriptores
523 3969 750 4055 producuntur,

336 4085 385 4151 11.
421 4081 460 4149 8.
480 4081 511 4145 4.
537 4080 620 4145 1-3
650 4077 733 4163 »τὰς
760 4076 844 4146 κατὰ
871 4077 970 4174 μέρος
990 4072 1139 4163 ἱστορίας
1159 4072 1343 4164 γράφοντας
